<?xml version="1.0" encoding="UTF-8"?>
<!DOCTYPE html PUBLIC "-//W3C//DTD XHTML 1.0 Transitional//EN"
    "http://www.w3.org/TR/xhtml1/DTD/xhtml1-transitional.dtd">
<html xmlns="http://www.w3.org/1999/xhtml" xml:lang="en" lang="en">
 <head>
  <title>
</title>
<meta http-equiv="Content-Type" content="text/html;charset=utf-8" />
  <meta name='ocr-system' content='tesseract 3.04.00' />
  <meta name='ocr-capabilities' content='ocr_page ocr_carea ocr_par ocr_line ocrx_word'/>
</head>
<body>
  <div class='ocr_page' id='page_1' title='image "./tliviipatavinihi0102livy/tliviipatavinihi0102livy_0372.png"; bbox 0 0 1680 3110; ppageno 0'>
   <div class='ocr_carea' id='block_1_1' title="bbox 65 260 1594 2193">
    <p class='ocr_par' dir='ltr' id='par_1_1' title="bbox 65 260 1591 1922">
     <span class='ocr_line' id='line_1_1' title="bbox 65 260 1559 382; baseline -0.021 -6"><span class='ocrx_word' id='word_1_1' title='bbox 65 341 115 376; x_wconf 77' lang='lat' dir='ltr'>u.</span> <span class='ocrx_word' id='word_1_2' title='bbox 131 339 260 382; x_wconf 73' lang='lat' dir='ltr'>e.458.</span> <span class='ocrx_word' id='word_1_3' title='bbox 279 260 558 377; x_wconf 50' lang='lat' dir='ltr'>{ioqimstes</span> <span class='ocrx_word' id='word_1_4' title='bbox 583 313 686 376; x_wconf 86' lang='lat' dir='ltr'>(ita</span> <span class='ocrx_word' id='word_1_5' title='bbox 709 309 840 360; x_wconf 88' lang='lat' dir='ltr'>enim</span> <span class='ocrx_word' id='word_1_6' title='bbox 861 305 1111 372; x_wconf 86' lang='lat' dir='ltr'>placuerat</span> <span class='ocrx_word' id='word_1_7' title='bbox 1132 299 1402 363; x_wconf 83' lang='lat' dir='ltr'>Patribus)</span> <span class='ocrx_word' id='word_1_8' title='bbox 1435 308 1559 347; x_wconf 70' lang='lat' dir='ltr'>noxa-</span> 
     </span>
     <span class='ocr_line' id='line_1_2' title="bbox 67 361 1559 451; baseline -0.025 -3"><span class='ocrx_word' id='word_1_9' title='bbox 67 389 259 431; x_wconf 64' lang='lat' dir='ltr'>²⁴C⁶²94⁹</span> <span class='ocrx_word' id='word_1_10' title='bbox 283 394 404 443; x_wconf 84' lang='lat' dir='ltr'>dum</span> <span class='ocrx_word' id='word_1_11' title='bbox 433 378 642 451; x_wconf 82' lang='lat' dir='ltr'>egreffos</span> <span class='ocrx_word' id='word_1_12' title='bbox 670 375 985 446; x_wconf 84' lang='lat' dir='ltr'>opprimeret.</span> <span class='ocrx_word' id='word_1_13' title='bbox 1021 369 1174 421; x_wconf 80' lang='lat' dir='ltr'>Velut</span> <span class='ocrx_word' id='word_1_14' title='bbox 1205 384 1265 417; x_wconf 85' lang='lat' dir='ltr'>ex</span> <span class='ocrx_word' id='word_1_15' title='bbox 1291 361 1559 431; x_wconf 71' lang='lat' dir='ltr'>composito</span> 
     </span>
     <span class='ocr_line' id='line_1_3' title="bbox 290 432 1560 505; baseline -0.023 1"><span class='ocrx_word' id='word_1_16' title='bbox 290 469 306 492; x_wconf 81' lang='lat'>1</span> <span class='ocrx_word' id='word_1_17' title='bbox 343 454 411 505; x_wconf 86' lang='lat' dir='ltr'>ibi</span> <span class='ocrx_word' id='word_1_18' title='bbox 446 449 652 502; x_wconf 83' lang='lat' dir='ltr'>obvium</span> <span class='ocrx_word' id='word_1_19' title='bbox 673 444 888 495; x_wconf 82' lang='lat' dir='ltr'>habuere</span> <span class='ocrx_word' id='word_1_20' title='bbox 910 436 1100 488; x_wconf 88' lang='lat' dir='ltr'>hostem</span> <span class='ocrx_word' id='word_1_21' title='bbox 1120 475 1136 497; x_wconf 92' lang='lat'>‚</span> <span class='ocrx_word' id='word_1_22' title='bbox 1166 433 1253 485; x_wconf 88' lang='lat' dir='ltr'>ubi</span> <span class='ocrx_word' id='word_1_23' title='bbox 1275 435 1326 483; x_wconf 89' lang='lat'>&amp;</span> <span class='ocrx_word' id='word_1_24' title='bbox 1347 432 1526 482; x_wconf 82' lang='lat' dir='ltr'>intrare</span> <span class='ocrx_word' id='word_1_25' title='bbox 1543 462 1560 485; x_wconf 94' lang='lat'>,</span> 
     </span>
     <span class='ocr_line' id='line_1_4' title="bbox 286 493 1562 577; baseline -0.024 -3"><span class='ocrx_word' id='word_1_26' title='bbox 286 523 472 573; x_wconf 86' lang='lat' dir='ltr'>nedum</span> <span class='ocrx_word' id='word_1_27' title='bbox 505 513 687 567; x_wconf 81' lang='lat' dir='ltr'>vastare</span> <span class='ocrx_word' id='word_1_28' title='bbox 709 551 721 571; x_wconf 91' lang='lat'>,</span> <span class='ocrx_word' id='word_1_29' title='bbox 757 507 838 577; x_wconf 88' lang='lat' dir='ltr'>ipfi</span> <span class='ocrx_word' id='word_1_30' title='bbox 872 503 1161 556; x_wconf 82' lang='lat' dir='ltr'>Samnitium</span> <span class='ocrx_word' id='word_1_31' title='bbox 1193 515 1362 567; x_wconf 79' lang='lat' dir='ltr'>agrum</span> <span class='ocrx_word' id='word_1_32' title='bbox 1393 493 1562 565; x_wconf 82' lang='lat' dir='ltr'>prohi-</span> 
     </span>
     <span class='ocr_line' id='line_1_5' title="bbox 288 565 1565 645; baseline -0.026 -4"><span class='ocrx_word' id='word_1_33' title='bbox 288 590 554 644; x_wconf 54' lang='lat' dir='ltr'>besentun</span> <span class='ocrx_word' id='word_1_34' title='bbox 580 584 628 631; x_wconf 84' lang='lat'>&amp;</span> <span class='ocrx_word' id='word_1_35' title='bbox 651 575 818 645; x_wconf 80' lang='lat' dir='ltr'>egredi</span> <span class='ocrx_word' id='word_1_36' title='bbox 847 571 959 622; x_wconf 80' lang='lat' dir='ltr'>inde</span> <span class='ocrx_word' id='word_1_37' title='bbox 992 570 1043 620; x_wconf 91' lang='lat' dir='ltr'>in</span> <span class='ocrx_word' id='word_1_38' title='bbox 1071 583 1238 637; x_wconf 86' lang='lat' dir='ltr'>pacata</span> <span class='ocrx_word' id='word_1_39' title='bbox 1255 605 1271 627; x_wconf 90' lang='lat'><em>,</em></span> <span class='ocrx_word' id='word_1_40' title='bbox 1296 565 1565 615; x_wconf 84' lang='lat' dir='ltr'>sociorum-</span> 
     </span>
     <span class='ocr_line' id='line_1_6' title="bbox 289 626 1567 724; baseline -0.025 -17"><span class='ocrx_word' id='word_1_41' title='bbox 289 672 389 724; x_wconf 85' lang='lat' dir='ltr'>que</span> <span class='ocrx_word' id='word_1_42' title='bbox 418 648 586 722; x_wconf 88' lang='lat' dir='ltr'>populi</span> <span class='ocrx_word' id='word_1_43' title='bbox 620 641 824 696; x_wconf 85' lang='lat' dir='ltr'>Romani</span> <span class='ocrx_word' id='word_1_44' title='bbox 856 639 975 688; x_wconf 87' lang='lat' dir='ltr'>fines</span> <span class='ocrx_word' id='word_1_45' title='bbox 991 675 1006 698; x_wconf 91' lang='lat'>‚</span> <span class='ocrx_word' id='word_1_46' title='bbox 1034 635 1296 686; x_wconf 80' lang='lat' dir='ltr'>Samnitem</span> <span class='ocrx_word' id='word_1_47' title='bbox 1333 626 1567 700; x_wconf 85' lang='lat' dir='ltr'>prohibe·</span> 
     </span>
     <span class='ocr_line' id='line_1_7' title="bbox 95 688 1566 781; baseline -0.025 -2"><span class='ocrx_word' id='word_1_48' title='bbox 95 732 270 772; x_wconf 69' lang='lat' dir='ltr'>Samnites</span> <span class='ocrx_word' id='word_1_49' title='bbox 293 737 419 773; x_wconf 83' lang='lat' dir='ltr'>rent.</span> <span class='ocrx_word' id='word_1_50' title='bbox 451 722 628 781; x_wconf 84' lang='lat' dir='ltr'>Quum</span> <span class='ocrx_word' id='word_1_51' title='bbox 650 710 797 762; x_wconf 87' lang='lat' dir='ltr'>castra</span> <span class='ocrx_word' id='word_1_52' title='bbox 820 704 982 757; x_wconf 85' lang='lat' dir='ltr'>castris</span> <span class='ocrx_word' id='word_1_53' title='bbox 1007 702 1182 752; x_wconf 84' lang='lat' dir='ltr'>collata</span> <span class='ocrx_word' id='word_1_54' title='bbox 1207 698 1356 750; x_wconf 82' lang='lat' dir='ltr'>effent</span> <span class='ocrx_word' id='word_1_55' title='bbox 1379 736 1394 757; x_wconf 88' lang='lat'><strong><em>,</em></strong></span> <span class='ocrx_word' id='word_1_56' title='bbox 1427 688 1566 762; x_wconf 84' lang='lat' dir='ltr'>quod</span> 
     </span>
     <span class='ocr_line' id='line_1_8' title="bbox 74 762 1570 872; baseline -0.026 -25"><span class='ocrx_word' id='word_1_57' title='bbox 74 782 186 866; x_wconf 56' lang='grc' dir='ltr'>ἷξζζ</span> <span class='ocrx_word' id='word_1_58' title='bbox 205 783 272 872; x_wconf 46' lang='grc' dir='ltr'>ᾖξ’,</span> <span class='ocrx_word' id='word_1_59' title='bbox 293 780 378 842; x_wconf 86' lang='lat' dir='ltr'>vix</span> <span class='ocrx_word' id='word_1_60' title='bbox 409 790 656 836; x_wconf 85' lang='lat' dir='ltr'>Romanus</span> <span class='ocrx_word' id='word_1_61' title='bbox 684 775 833 827; x_wconf 86' lang='lat' dir='ltr'>toties</span> <span class='ocrx_word' id='word_1_62' title='bbox 863 771 1021 822; x_wconf 70' lang='lat' dir='ltr'>vistor</span> <span class='ocrx_word' id='word_1_63' title='bbox 1048 768 1251 818; x_wconf 88' lang='lat' dir='ltr'>auderet</span> <span class='ocrx_word' id='word_1_64' title='bbox 1269 805 1283 827; x_wconf 88' lang='lat'>‚</span> <span class='ocrx_word' id='word_1_65' title='bbox 1309 762 1403 815; x_wconf 76' lang='lat' dir='ltr'>ausi</span> <span class='ocrx_word' id='word_1_66' title='bbox 1433 765 1570 810; x_wconf 82' lang='lat' dir='ltr'>Sam-</span> 
     </span>
     <span class='ocr_line' id='line_1_9' title="bbox 76 824 1571 924; baseline -0.024 -14"><span class='ocrx_word' id='word_1_67' title='bbox 76 864 245 924; x_wconf 63' lang='lat' dir='ltr'>g&#39;redsun.</span> <span class='ocrx_word' id='word_1_68' title='bbox 296 858 424 908; x_wconf 84' lang='lat' dir='ltr'>nites</span> <span class='ocrx_word' id='word_1_69' title='bbox 462 854 570 902; x_wconf 90' lang='lat' dir='ltr'>sunt</span> <span class='ocrx_word' id='word_1_70' title='bbox 603 851 835 910; x_wconf 85' lang='lat' dir='ltr'>(tantum</span> <span class='ocrx_word' id='word_1_71' title='bbox 869 835 1138 905; x_wconf 76' lang='lat' dir='ltr'>desperatio</span> <span class='ocrx_word' id='word_1_72' title='bbox 1171 833 1340 884; x_wconf 86' lang='lat' dir='ltr'>ultima</span> <span class='ocrx_word' id='word_1_73' title='bbox 1372 824 1571 879; x_wconf 82' lang='lat' dir='ltr'>temeri-</span> 
     </span>
     <span class='ocr_line' id='line_1_10' title="bbox 79 900 1570 980; baseline -0.027 1"><span class='ocrx_word' id='word_1_74' title='bbox 79 935 150 973; x_wconf 44' lang='grc' dir='ltr'>’Ἀθ</span> <span class='ocrx_word' id='word_1_75' title='bbox 293 925 410 975; x_wconf 77' lang='lat' dir='ltr'>tatis</span> <span class='ocrx_word' id='word_1_76' title='bbox 436 918 589 980; x_wconf 86' lang='lat' dir='ltr'>facit)</span> <span class='ocrx_word' id='word_1_77' title='bbox 614 912 762 963; x_wconf 75' lang='lat' dir='ltr'>castra</span> <span class='ocrx_word' id='word_1_78' title='bbox 782 911 998 958; x_wconf 86' lang='lat' dir='ltr'>Romana</span> <span class='ocrx_word' id='word_1_79' title='bbox 1020 900 1390 971; x_wconf 76' lang='lat' dir='ltr'>oppugnarez&amp;</span> <span class='ocrx_word' id='word_1_80' title='bbox 1415 909 1570 969; x_wconf 78' lang='lat' dir='ltr'>quan·</span> 
     </span>
     <span class='ocr_line' id='line_1_11' title="bbox 296 964 1575 1059; baseline -0.027 -17"><span class='ocrx_word' id='word_1_81' title='bbox 296 1007 448 1059; x_wconf 85' lang='lat' dir='ltr'>quam</span> <span class='ocrx_word' id='word_1_82' title='bbox 486 1000 584 1036; x_wconf 90' lang='lat' dir='ltr'>non</span> <span class='ocrx_word' id='word_1_83' title='bbox 621 978 757 1032; x_wconf 83' lang='lat' dir='ltr'>venit</span> <span class='ocrx_word' id='word_1_84' title='bbox 790 974 851 1025; x_wconf 88' lang='lat' dir='ltr'>ad</span> <span class='ocrx_word' id='word_1_85' title='bbox 889 971 1034 1021; x_wconf 83' lang='lat' dir='ltr'>finem</span> <span class='ocrx_word' id='word_1_86' title='bbox 1070 984 1169 1018; x_wconf 88' lang='lat' dir='ltr'>tam</span> <span class='ocrx_word' id='word_1_87' title='bbox 1231 964 1389 1017; x_wconf 85' lang='lat' dir='ltr'>audax</span> <span class='ocrx_word' id='word_1_88' title='bbox 1440 974 1575 1009; x_wconf 87' lang='lat' dir='ltr'>mce-</span> 
     </span>
     <span class='ocr_line' id='line_1_12' title="bbox 276 1026 1575 1114; baseline -0.023 -10"><span class='ocrx_word' id='word_1_89' title='bbox 276 1100 281 1104; x_wconf 83' lang='lat'>.</span> <span class='ocrx_word' id='word_1_90' title='bbox 334 1073 441 1108; x_wconf 84' lang='lat' dir='ltr'>tum</span> <span class='ocrx_word' id='word_1_91' title='bbox 461 1092 475 1114; x_wconf 85' lang='lat'>,</span> <span class='ocrx_word' id='word_1_92' title='bbox 500 1065 660 1100; x_wconf 78' lang='lat' dir='ltr'>tamen</span> <span class='ocrx_word' id='word_1_93' title='bbox 684 1041 818 1095; x_wconf 91' lang='lat' dir='ltr'>haud</span> <span class='ocrx_word' id='word_1_94' title='bbox 839 1039 1039 1089; x_wconf 88' lang='lat' dir='ltr'>omnino</span> <span class='ocrx_word' id='word_1_95' title='bbox 1061 1051 1241 1087; x_wconf 85' lang='lat' dir='ltr'>vanum</span> <span class='ocrx_word' id='word_1_96' title='bbox 1265 1032 1374 1082; x_wconf 89' lang='lat' dir='ltr'>fuit.</span> <span class='ocrx_word' id='word_1_97' title='bbox 1403 1026 1575 1078; x_wconf 89' lang='lat' dir='ltr'>Nebu-</span> 
     </span>
     <span class='ocr_line' id='line_1_13' title="bbox 296 1077 1577 1176; baseline -0.027 0"><span class='ocrx_word' id='word_1_98' title='bbox 296 1077 346 1176; x_wconf 52' lang='grc' dir='ltr'>ἵει</span> <span class='ocrx_word' id='word_1_99' title='bbox 377 1135 480 1172; x_wconf 83' lang='lat' dir='ltr'>erat</span> <span class='ocrx_word' id='word_1_100' title='bbox 509 1117 568 1168; x_wconf 82' lang='lat' dir='ltr'>ad</span> <span class='ocrx_word' id='word_1_101' title='bbox 598 1112 810 1165; x_wconf 79' lang='lat' dir='ltr'>multum</span> <span class='ocrx_word' id='word_1_102' title='bbox 837 1105 966 1163; x_wconf 88' lang='lat' dir='ltr'>diei,</span> <span class='ocrx_word' id='word_1_103' title='bbox 991 1102 1135 1153; x_wconf 91' lang='lat' dir='ltr'>densa</span> <span class='ocrx_word' id='word_1_104' title='bbox 1171 1100 1325 1159; x_wconf 86' lang='lat' dir='ltr'>adeo,</span> <span class='ocrx_word' id='word_1_105' title='bbox 1361 1109 1417 1146; x_wconf 91' lang='lat' dir='ltr'>ut</span> <span class='ocrx_word' id='word_1_106' title='bbox 1446 1090 1577 1143; x_wconf 85' lang='lat' dir='ltr'>lucis</span> 
     </span>
     <span class='ocr_line' id='line_1_14' title="bbox 297 1157 1577 1253; baseline -0.027 -11"><span class='ocrx_word' id='word_1_107' title='bbox 297 1192 440 1242; x_wconf 86' lang='lat' dir='ltr'>usum</span> <span class='ocrx_word' id='word_1_108' title='bbox 463 1186 673 1253; x_wconf 84' lang='lat' dir='ltr'>eriperet</span> <span class='ocrx_word' id='word_1_109' title='bbox 697 1202 712 1241; x_wconf 79' lang='lat'><em>3</em></span> <span class='ocrx_word' id='word_1_110' title='bbox 736 1192 836 1228; x_wconf 84' lang='lat' dir='ltr'>non</span> <span class='ocrx_word' id='word_1_111' title='bbox 857 1169 1113 1240; x_wconf 67' lang='lat' dir='ltr'>prospecstu</span> <span class='ocrx_word' id='word_1_112' title='bbox 1133 1165 1284 1218; x_wconf 77' lang='lat' dir='ltr'>modo</span> <span class='ocrx_word' id='word_1_113' title='bbox 1309 1178 1444 1214; x_wconf 82' lang='lat' dir='ltr'>extra</span> <span class='ocrx_word' id='word_1_114' title='bbox 1468 1157 1577 1210; x_wconf 85' lang='lat' dir='ltr'>val-</span> 
     </span>
     <span class='ocr_line' id='line_1_15' title="bbox 298 1233 1579 1317; baseline -0.027 -8"><span class='ocrx_word' id='word_1_115' title='bbox 298 1258 406 1310; x_wconf 79' lang='lat' dir='ltr'>lum</span> <span class='ocrx_word' id='word_1_116' title='bbox 446 1252 675 1317; x_wconf 87' lang='lat' dir='ltr'>adempto</span> <span class='ocrx_word' id='word_1_117' title='bbox 705 1284 720 1306; x_wconf 92' lang='lat'><strong><em>,</em></strong></span> <span class='ocrx_word' id='word_1_118' title='bbox 754 1241 834 1293; x_wconf 85' lang='lat' dir='ltr'>sed</span> <span class='ocrx_word' id='word_1_119' title='bbox 870 1237 1149 1306; x_wconf 86' lang='lat' dir='ltr'>propinquo</span> <span class='ocrx_word' id='word_1_120' title='bbox 1188 1233 1332 1284; x_wconf 85' lang='lat' dir='ltr'>etiam</span> <span class='ocrx_word' id='word_1_121' title='bbox 1372 1241 1579 1293; x_wconf 83' lang='lat' dir='ltr'>congre-</span> 
     </span>
     <span class='ocr_line' id='line_1_16' title="bbox 302 1290 1580 1374; baseline -0.027 0"><span class='ocrx_word' id='word_1_122' title='bbox 302 1321 547 1374; x_wconf 79' lang='lat' dir='ltr'>dientium</span> <span class='ocrx_word' id='word_1_123' title='bbox 570 1317 694 1366; x_wconf 83' lang='lat' dir='ltr'>inter</span> <span class='ocrx_word' id='word_1_124' title='bbox 717 1312 761 1360; x_wconf 91' lang='lat' dir='ltr'>se</span> <span class='ocrx_word' id='word_1_125' title='bbox 787 1304 1067 1372; x_wconf 57' lang='lat' dir='ltr'>conspeetu.</span> <span class='ocrx_word' id='word_1_126' title='bbox 1102 1305 1206 1350; x_wconf 87' lang='lat' dir='ltr'>Hac</span> <span class='ocrx_word' id='word_1_127' title='bbox 1234 1298 1370 1350; x_wconf 87' lang='lat' dir='ltr'>velut</span> <span class='ocrx_word' id='word_1_128' title='bbox 1392 1290 1580 1344; x_wconf 54' lang='lat' dir='ltr'>latebra</span> 
     </span>
     <span class='ocr_line' id='line_1_17' title="bbox 305 1356 1583 1441; baseline -0.027 0"><span class='ocrx_word' id='word_1_129' title='bbox 305 1388 583 1441; x_wconf 76' lang='lat' dir='ltr'>infidiarum</span> <span class='ocrx_word' id='word_1_130' title='bbox 617 1378 732 1430; x_wconf 85' lang='lat' dir='ltr'>freti</span> <span class='ocrx_word' id='word_1_131' title='bbox 769 1373 1004 1425; x_wconf 81' lang='lat' dir='ltr'>Samnites</span> <span class='ocrx_word' id='word_1_132' title='bbox 1026 1407 1038 1425; x_wconf 79' lang='grc'>,</span> <span class='ocrx_word' id='word_1_133' title='bbox 1065 1366 1266 1418; x_wconf 78' lang='lat' dir='ltr'>vixdum</span> <span class='ocrx_word' id='word_1_134' title='bbox 1304 1361 1412 1414; x_wconf 87' lang='lat' dir='ltr'>satis</span> <span class='ocrx_word' id='word_1_135' title='bbox 1447 1356 1583 1409; x_wconf 57' lang='lat' dir='ltr'>certa.</span> 
     </span>
     <span class='ocr_line' id='line_1_18' title="bbox 304 1423 1583 1514; baseline -0.029 -5"><span class='ocrx_word' id='word_1_136' title='bbox 304 1457 419 1509; x_wconf 83' lang='lat' dir='ltr'>luce</span> <span class='ocrx_word' id='word_1_137' title='bbox 444 1494 457 1514; x_wconf 89' lang='lat'>‚</span> <span class='ocrx_word' id='word_1_138' title='bbox 498 1455 546 1501; x_wconf 71' lang='grc' dir='ltr'>δε</span> <span class='ocrx_word' id='word_1_139' title='bbox 569 1466 676 1499; x_wconf 89' lang='lat' dir='ltr'>eam</span> <span class='ocrx_word' id='word_1_140' title='bbox 700 1444 845 1512; x_wconf 81' lang='lat' dir='ltr'>ipsam</span> <span class='ocrx_word' id='word_1_141' title='bbox 866 1452 1113 1505; x_wconf 80' lang='lat' dir='ltr'>premente</span> <span class='ocrx_word' id='word_1_142' title='bbox 1145 1431 1350 1498; x_wconf 81' lang='lat' dir='ltr'>caligine</span> <span class='ocrx_word' id='word_1_143' title='bbox 1369 1468 1383 1489; x_wconf 87' lang='lat'><em>,</em></span> <span class='ocrx_word' id='word_1_144' title='bbox 1408 1425 1465 1477; x_wconf 90' lang='lat' dir='ltr'>ad</span> <span class='ocrx_word' id='word_1_145' title='bbox 1493 1423 1583 1474; x_wconf 85' lang='lat' dir='ltr'>sta·-</span> 
     </span>
     <span class='ocr_line' id='line_1_19' title="bbox 310 1499 1583 1574; baseline -0.027 0"><span class='ocrx_word' id='word_1_146' title='bbox 310 1524 500 1574; x_wconf 82' lang='lat' dir='ltr'>tionem</span> <span class='ocrx_word' id='word_1_147' title='bbox 535 1520 799 1566; x_wconf 79' lang='lat' dir='ltr'>Romanam</span> <span class='ocrx_word' id='word_1_148' title='bbox 836 1507 885 1557; x_wconf 88' lang='lat' dir='ltr'>in</span> <span class='ocrx_word' id='word_1_149' title='bbox 925 1519 1064 1572; x_wconf 83' lang='lat' dir='ltr'>porta</span> <span class='ocrx_word' id='word_1_150' title='bbox 1106 1499 1313 1566; x_wconf 84' lang='lat' dir='ltr'>segniter</span> <span class='ocrx_word' id='word_1_151' title='bbox 1357 1506 1583 1562; x_wconf 85' lang='lat' dir='ltr'>agentem</span> 
     </span>
     <span class='ocr_line' id='line_1_20' title="bbox 309 1561 1582 1656; baseline -0.027 -15"><span class='ocrx_word' id='word_1_152' title='bbox 309 1588 502 1656; x_wconf 78' lang='lat' dir='ltr'>vigilias</span> <span class='ocrx_word' id='word_1_153' title='bbox 531 1578 836 1651; x_wconf 83' lang='lat' dir='ltr'>perveniunt.</span> <span class='ocrx_word' id='word_1_154' title='bbox 874 1566 1154 1636; x_wconf 74' lang='lat' dir='ltr'>Improviso</span> <span class='ocrx_word' id='word_1_155' title='bbox 1190 1561 1417 1633; x_wconf 80' lang='lat' dir='ltr'>oppreffis</span> <span class='ocrx_word' id='word_1_156' title='bbox 1439 1599 1455 1622; x_wconf 87' lang='lat'>,</span> <span class='ocrx_word' id='word_1_157' title='bbox 1489 1573 1582 1608; x_wconf 85' lang='lat' dir='ltr'>nec</span> 
     </span>
     <span class='ocr_line' id='line_1_21' title="bbox 314 1623 1586 1707; baseline -0.028 1"><span class='ocrx_word' id='word_1_158' title='bbox 314 1654 464 1707; x_wconf 81' lang='lat' dir='ltr'>animi</span> <span class='ocrx_word' id='word_1_159' title='bbox 497 1651 607 1701; x_wconf 87' lang='lat' dir='ltr'>satis</span> <span class='ocrx_word' id='word_1_160' title='bbox 641 1644 700 1696; x_wconf 89' lang='lat' dir='ltr'>ad</span> <span class='ocrx_word' id='word_1_161' title='bbox 739 1637 1049 1692; x_wconf 81' lang='lat' dir='ltr'>refistendum</span> <span class='ocrx_word' id='word_1_162' title='bbox 1076 1673 1092 1695; x_wconf 90' lang='lat'><em>,</em></span> <span class='ocrx_word' id='word_1_163' title='bbox 1127 1649 1217 1682; x_wconf 87' lang='lat' dir='ltr'>nec</span> <span class='ocrx_word' id='word_1_164' title='bbox 1254 1630 1435 1681; x_wconf 85' lang='lat' dir='ltr'>virium</span> <span class='ocrx_word' id='word_1_165' title='bbox 1466 1623 1586 1674; x_wconf 86' lang='lat' dir='ltr'>fuit.</span> 
     </span>
     <span class='ocr_line' id='line_1_22' title="bbox 317 1691 1588 1784; baseline -0.028 -10"><span class='ocrx_word' id='word_1_166' title='bbox 317 1723 398 1774; x_wconf 80' lang='lat' dir='ltr'>Ab</span> <span class='ocrx_word' id='word_1_167' title='bbox 436 1732 576 1784; x_wconf 76' lang='lat' dir='ltr'>tergo</span> <span class='ocrx_word' id='word_1_168' title='bbox 610 1711 875 1764; x_wconf 69' lang='lat' dir='ltr'>castrorum</span> <span class='ocrx_word' id='word_1_169' title='bbox 905 1717 925 1741; x_wconf 90' lang='lat'>2</span> <span class='ocrx_word' id='word_1_170' title='bbox 959 1698 1226 1752; x_wconf 66' lang='lat' dir='ltr'>decumana</span> <span class='ocrx_word' id='word_1_171' title='bbox 1259 1694 1401 1765; x_wconf 69' lang='lat' dir='ltr'>porta</span> <span class='ocrx_word' id='word_1_172' title='bbox 1437 1691 1588 1758; x_wconf 85' lang='lat' dir='ltr'>impe-</span> 
     </span>
     <span class='ocr_line' id='line_1_23' title="bbox 318 1763 1589 1844; baseline -0.028 -3"><span class='ocrx_word' id='word_1_173' title='bbox 318 1805 399 1841; x_wconf 81' lang='lat' dir='ltr'>tus</span> <span class='ocrx_word' id='word_1_174' title='bbox 435 1786 604 1836; x_wconf 58' lang='lat' dir='ltr'>fac&#39;tus.</span> <span class='ocrx_word' id='word_1_175' title='bbox 637 1780 804 1844; x_wconf 83' lang='lat' dir='ltr'>itaque</span> <span class='ocrx_word' id='word_1_176' title='bbox 836 1787 1032 1841; x_wconf 85' lang='lat' dir='ltr'>captum</span> <span class='ocrx_word' id='word_1_177' title='bbox 1060 1777 1076 1809; x_wconf 81' lang='lat'><em>3</em></span> <span class='ocrx_word' id='word_1_178' title='bbox 1105 1763 1589 1834; x_wconf 77' lang='lat' dir='ltr'>quaestoriumzquae·</span> 
     </span>
     <span class='ocr_line' id='line_1_24' title="bbox 317 1822 1591 1922; baseline -0.028 -14"><span class='ocrx_word' id='word_1_179' title='bbox 317 1857 515 1922; x_wconf 84' lang='lat' dir='ltr'>storque</span> <span class='ocrx_word' id='word_1_180' title='bbox 540 1849 607 1899; x_wconf 84' lang='lat' dir='ltr'>ibi</span> <span class='ocrx_word' id='word_1_181' title='bbox 633 1852 685 1896; x_wconf 93' lang='lat' dir='ltr'>L.</span> <span class='ocrx_word' id='word_1_182' title='bbox 710 1840 944 1911; x_wconf 87' lang='lat' dir='ltr'>Opimius</span> <span class='ocrx_word' id='word_1_183' title='bbox 969 1835 1115 1887; x_wconf 86' lang='lat' dir='ltr'>Pansa</span> <span class='ocrx_word' id='word_1_184' title='bbox 1146 1831 1354 1882; x_wconf 78' lang='lat' dir='ltr'>occisus,</span> <span class='ocrx_word' id='word_1_185' title='bbox 1388 1822 1591 1877; x_wconf 84' lang='lat' dir='ltr'>concla-</span> 
     </span>
    </p>

    <p class='ocr_par' dir='ltr' id='par_1_2' title="bbox 317 1910 1594 2193">
     <span class='ocr_line' id='line_1_25' title="bbox 317 1910 888 1974; baseline -0.033 0"><span class='ocrx_word' id='word_1_186' title='bbox 317 1938 505 1974; x_wconf 86' lang='lat' dir='ltr'>matum</span> <span class='ocrx_word' id='word_1_187' title='bbox 525 1916 636 1967; x_wconf 83' lang='lat' dir='ltr'>inde</span> <span class='ocrx_word' id='word_1_188' title='bbox 662 1910 721 1962; x_wconf 86' lang='lat' dir='ltr'>ad</span> <span class='ocrx_word' id='word_1_189' title='bbox 743 1926 888 1959; x_wconf 78' lang='lat' dir='ltr'>arma.</span> 
     </span>
     <span class='ocr_line' id='line_1_26' title="bbox 390 1958 1593 2037; baseline -0.027 0"><span class='ocrx_word' id='word_1_190' title='bbox 390 1987 617 2037; x_wconf 86' lang='lat' dir='ltr'>XXXIII.</span> <span class='ocrx_word' id='word_1_191' title='bbox 650 1975 838 2028; x_wconf 83' lang='lat' dir='ltr'>Consul</span> <span class='ocrx_word' id='word_1_192' title='bbox 867 1970 1084 2023; x_wconf 84' lang='lat' dir='ltr'>tumultu</span> <span class='ocrx_word' id='word_1_193' title='bbox 1116 1967 1307 2018; x_wconf 80' lang='lat' dir='ltr'>excitus</span> <span class='ocrx_word' id='word_1_194' title='bbox 1325 2001 1339 2023; x_wconf 92' lang='lat'>,</span> <span class='ocrx_word' id='word_1_195' title='bbox 1361 1958 1593 2011; x_wconf 83' lang='lat' dir='ltr'>cohortes</span> 
     </span>
     <span class='ocr_line' id='line_1_27' title="bbox 321 2032 1594 2108; baseline -0.028 -1"><span class='ocrx_word' id='word_1_196' title='bbox 321 2056 443 2108; x_wconf 82' lang='lat' dir='ltr'>duas</span> <span class='ocrx_word' id='word_1_197' title='bbox 471 2052 716 2101; x_wconf 87' lang='lat' dir='ltr'>sociorum</span> <span class='ocrx_word' id='word_1_198' title='bbox 737 2082 752 2104; x_wconf 84' lang='lat'>‚</span> <span class='ocrx_word' id='word_1_199' title='bbox 784 2046 1024 2091; x_wconf 84' lang='lat' dir='ltr'>Lucanam</span> <span class='ocrx_word' id='word_1_200' title='bbox 1058 2032 1428 2095; x_wconf 73' lang='lat' dir='ltr'>Suessanamque</span> <span class='ocrx_word' id='word_1_201' title='bbox 1445 2064 1460 2086; x_wconf 91' lang='lat'>,</span> <span class='ocrx_word' id='word_1_202' title='bbox 1486 2040 1594 2091; x_wconf 84' lang='lat' dir='ltr'>quae</span> 
     </span>
     <span class='ocr_line' id='line_1_28' title="bbox 322 2090 1591 2193; baseline -0.028 -20"><span class='ocrx_word' id='word_1_203' title='bbox 322 2119 554 2193; x_wconf 82' lang='lat' dir='ltr'>proximae</span> <span class='ocrx_word' id='word_1_204' title='bbox 590 2111 723 2165; x_wconf 75' lang='lat' dir='ltr'>forte</span> <span class='ocrx_word' id='word_1_205' title='bbox 754 2121 890 2159; x_wconf 86' lang='lat' dir='ltr'>erant</span> <span class='ocrx_word' id='word_1_206' title='bbox 909 2145 925 2167; x_wconf 85' lang='lat'>‚</span> <span class='ocrx_word' id='word_1_207' title='bbox 954 2103 1081 2154; x_wconf 88' lang='lat' dir='ltr'>tueri</span> <span class='ocrx_word' id='word_1_208' title='bbox 1121 2096 1397 2168; x_wconf 76' lang='lat' dir='ltr'>praetorium</span> <span class='ocrx_word' id='word_1_209' title='bbox 1425 2090 1591 2156; x_wconf 86' lang='lat' dir='ltr'>jubet:</span> 
     </span>
    </p>
   </div>
   <div class='ocr_carea' id='block_1_2' title="bbox 323 2156 1592 2254">
    <p class='ocr_par' dir='ltr' id='par_1_3' title="bbox 323 2156 1592 2254">
     <span class='ocr_line' id='line_1_29' title="bbox 323 2156 1592 2254; baseline -0.028 -12"><span class='ocrx_word' id='word_1_210' title='bbox 323 2183 599 2254; x_wconf 83' lang='lat' dir='ltr'>manipulos</span> <span class='ocrx_word' id='word_1_211' title='bbox 636 2176 887 2245; x_wconf 74' lang='lat' dir='ltr'>legionum</span> <span class='ocrx_word' id='word_1_212' title='bbox 925 2181 941 2205; x_wconf 86' lang='lat'>¹</span> <span class='ocrx_word' id='word_1_213' title='bbox 985 2165 1237 2238; x_wconf 83' lang='lat' dir='ltr'>principali</span> <span class='ocrx_word' id='word_1_214' title='bbox 1269 2161 1347 2215; x_wconf 67' lang='lat' dir='ltr'>via</span> <span class='ocrx_word' id='word_1_215' title='bbox 1384 2156 1592 2208; x_wconf 87' lang='lat' dir='ltr'>inducit.</span> 
     </span>
    </p>
   </div>
   <div class='ocr_carea' id='block_1_3' title="bbox 317 2280 1643 2420">
    <p class='ocr_par' dir='ltr' id='par_1_4' title="bbox 317 2280 1643 2420">
     <span class='ocr_line' id='line_1_30' title="bbox 387 2280 1643 2348; baseline -0.029 -2"><span class='ocrx_word' id='word_1_216' title='bbox 387 2321 403 2346; x_wconf 87' lang='lat'>1</span> <span class='ocrx_word' id='word_1_217' title='bbox 434 2307 496 2348; x_wconf 80' lang='lat' dir='ltr'>lbi</span> <span class='ocrx_word' id='word_1_218' title='bbox 520 2302 672 2344; x_wconf 79' lang='lat' dir='ltr'>obvium</span> <span class='ocrx_word' id='word_1_219' title='bbox 694 2296 850 2336; x_wconf 77' lang='lat' dir='ltr'>habuere</span> <span class='ocrx_word' id='word_1_220' title='bbox 869 2293 933 2331; x_wconf 78' lang='lat' dir='ltr'>ho-</span> <span class='ocrx_word' id='word_1_221' title='bbox 987 2287 1230 2341; x_wconf 85' lang='lat' dir='ltr'>temporibus</span> <span class='ocrx_word' id='word_1_222' title='bbox 1258 2285 1298 2322; x_wconf 85' lang='lat' dir='ltr'>in</span> <span class='ocrx_word' id='word_1_223' title='bbox 1326 2280 1508 2320; x_wconf 84' lang='lat' dir='ltr'>inferiore</span> <span class='ocrx_word' id='word_1_224' title='bbox 1530 2287 1594 2313; x_wconf 84' lang='lat' dir='ltr'>ca-</span> <span class='ocrx_word' id='word_1_225' title='bbox 1641 2306 1643 2308; x_wconf 93' lang='lat'>.</span> 
     </span>
     <span class='ocr_line' id='line_1_31' title="bbox 317 2326 1596 2420; baseline -0.031 -15"><span class='ocrx_word' id='word_1_226' title='bbox 317 2365 448 2420; x_wconf 82' lang='lat' dir='ltr'>stem]</span> <span class='ocrx_word' id='word_1_227' title='bbox 488 2355 634 2399; x_wconf 89' lang='lat' dir='ltr'>Consul</span> <span class='ocrx_word' id='word_1_228' title='bbox 673 2356 713 2393; x_wconf 71' lang='grc' dir='ltr'>δε</span> <span class='ocrx_word' id='word_1_229' title='bbox 752 2350 935 2388; x_wconf 77' lang='lat' dir='ltr'>exercitus</span> <span class='ocrx_word' id='word_1_230' title='bbox 988 2343 1158 2382; x_wconf 83' lang='lat' dir='ltr'>sttorum</span> <span class='ocrx_word' id='word_1_231' title='bbox 1193 2350 1299 2391; x_wconf 84' lang='lat' dir='ltr'>parte</span> <span class='ocrx_word' id='word_1_232' title='bbox 1332 2345 1413 2373; x_wconf 84' lang='lat' dir='ltr'>erat</span> <span class='ocrx_word' id='word_1_233' title='bbox 1438 2361 1451 2379; x_wconf 92' lang='lat'>‚</span> <span class='ocrx_word' id='word_1_234' title='bbox 1488 2326 1596 2367; x_wconf 76' lang='lat' dir='ltr'>haud</span> 
     </span>
    </p>
   </div>
   <div class='ocr_carea' id='block_1_4' title="bbox 329 2393 1636 2567">
    <p class='ocr_par' dir='ltr' id='par_1_5' title="bbox 329 2393 1636 2567">
     <span class='ocr_line' id='line_1_32' title="bbox 329 2393 1569 2460; baseline -0.033 -1"><span class='ocrx_word' id='word_1_235' title='bbox 329 2424 548 2460; x_wconf 85' lang='lat' dir='ltr'>Romanus.</span> <span class='ocrx_word' id='word_1_236' title='bbox 990 2396 1126 2450; x_wconf 83' lang='lat' dir='ltr'>procul</span> <span class='ocrx_word' id='word_1_237' title='bbox 1150 2393 1173 2432; x_wconf 68' lang='grc' dir='ltr'>εὶ</span> <span class='ocrx_word' id='word_1_238' title='bbox 1194 2397 1418 2431; x_wconf 84' lang='lat' dir='ltr'>Decumana</span> <span class='ocrx_word' id='word_1_239' title='bbox 1439 2394 1569 2436; x_wconf 79' lang='lat' dir='ltr'>porta.</span> 
     </span>
     <span class='ocr_line' id='line_1_33' title="bbox 388 2434 1636 2514; baseline -0.032 -5"><span class='ocrx_word' id='word_1_240' title='bbox 388 2484 409 2508; x_wconf 85' lang='lat'>2</span> <span class='ocrx_word' id='word_1_241' title='bbox 436 2460 654 2508; x_wconf 69' lang='lat' dir='ltr'>Decumand</span> <span class='ocrx_word' id='word_1_242' title='bbox 671 2455 812 2514; x_wconf 68' lang='lat' dir='ltr'>portd&#39;]</span> <span class='ocrx_word' id='word_1_243' title='bbox 843 2451 937 2494; x_wconf 85' lang='lat' dir='ltr'>vid.</span> <span class='ocrx_word' id='word_1_244' title='bbox 1047 2462 1060 2486; x_wconf 89' lang='lat'>1</span> <span class='ocrx_word' id='word_1_245' title='bbox 1090 2443 1289 2499; x_wconf 79' lang='lat' dir='ltr'>Principali</span> <span class='ocrx_word' id='word_1_246' title='bbox 1313 2441 1412 2488; x_wconf 58' lang='lat' dir='ltr'>viti]</span> <span class='ocrx_word' id='word_1_247' title='bbox 1443 2434 1566 2487; x_wconf 84' lang='lat' dir='ltr'>Lipsio</span> <span class='ocrx_word' id='word_1_248' title='bbox 1582 2434 1603 2481; x_wconf 57' lang='lat'>,⁴</span> <span class='ocrx_word' id='word_1_249' title='bbox 1628 2434 1636 2439; x_wconf 81' lang='grc'>”</span> 
     </span>
     <span class='ocr_line' id='line_1_34' title="bbox 331 2487 1599 2567; baseline -0.033 -1"><span class='ocrx_word' id='word_1_250' title='bbox 331 2537 415 2567; x_wconf 79' lang='lat' dir='ltr'>not.</span> <span class='ocrx_word' id='word_1_251' title='bbox 450 2535 483 2560; x_wconf 84' lang='lat'>1.</span> <span class='ocrx_word' id='word_1_252' title='bbox 512 2518 561 2559; x_wconf 83' lang='lat' dir='ltr'>ad</span> <span class='ocrx_word' id='word_1_253' title='bbox 589 2531 624 2555; x_wconf 89' lang='lat' dir='ltr'>c.</span> <span class='ocrx_word' id='word_1_254' title='bbox 657 2526 692 2560; x_wconf 84' lang='grc' dir='ltr'>ς.</span> <span class='ocrx_word' id='word_1_255' title='bbox 724 2512 750 2550; x_wconf 93' lang='lat' dir='ltr'>l.</span> <span class='ocrx_word' id='word_1_256' title='bbox 780 2511 849 2548; x_wconf 80' lang='grc' dir='ltr'><strong>ΙΙΙ.</strong></span> <span class='ocrx_word' id='word_1_257' title='bbox 992 2504 1019 2542; x_wconf 89' lang='lat' dir='ltr'>l.</span> <span class='ocrx_word' id='word_1_258' title='bbox 1044 2508 1114 2542; x_wconf 90' lang='lat' dir='ltr'>IV.</span> <span class='ocrx_word' id='word_1_259' title='bbox 1139 2500 1184 2538; x_wconf 90' lang='lat' dir='ltr'>de</span> <span class='ocrx_word' id='word_1_260' title='bbox 1203 2497 1325 2537; x_wconf 59' lang='lat' dir='ltr'>Milia.</span> <span class='ocrx_word' id='word_1_261' title='bbox 1349 2498 1469 2532; x_wconf 85' lang='lat' dir='ltr'>Rom.</span> <span class='ocrx_word' id='word_1_262' title='bbox 1489 2487 1599 2527; x_wconf 84' lang='lat' dir='ltr'>Dial.</span> 
     </span>
    </p>
   </div>
   <div class='ocr_carea' id='block_1_5' title="bbox 333 2539 1601 2779">
    <p class='ocr_par' dir='ltr' id='par_1_6' title="bbox 333 2539 1601 2779">
     <span class='ocr_line' id='line_1_35' title="bbox 387 2539 1597 2629; baseline -0.031 -15"><span class='ocrx_word' id='word_1_263' title='bbox 387 2592 402 2626; x_wconf 79' lang='lat'><em>3</em></span> <span class='ocrx_word' id='word_1_264' title='bbox 433 2571 704 2629; x_wconf 77' lang='lat' dir='ltr'>Qaestorium]</span> <span class='ocrx_word' id='word_1_265' title='bbox 729 2561 938 2609; x_wconf 84' lang='lat' dir='ltr'>Quaestoris</span> <span class='ocrx_word' id='word_1_266' title='bbox 997 2568 1032 2594; x_wconf 87' lang='lat'>1.</span> <span class='ocrx_word' id='word_1_267' title='bbox 1060 2548 1280 2606; x_wconf 80' lang='lat' dir='ltr'>Principalis</span> <span class='ocrx_word' id='word_1_268' title='bbox 1299 2549 1365 2585; x_wconf 64' lang='lat' dir='ltr'>via</span> <span class='ocrx_word' id='word_1_269' title='bbox 1389 2544 1522 2584; x_wconf 84' lang='lat' dir='ltr'>eadem</span> <span class='ocrx_word' id='word_1_270' title='bbox 1545 2539 1597 2578; x_wconf 87' lang='lat' dir='ltr'>est</span> 
     </span>
     <span class='ocr_line' id='line_1_36' title="bbox 333 2602 1598 2674; baseline -0.033 -2"><span class='ocrx_word' id='word_1_271' title='bbox 333 2626 630 2674; x_wconf 77' lang='lat' dir='ltr'>tabernaculum</span> <span class='ocrx_word' id='word_1_272' title='bbox 648 2650 660 2670; x_wconf 87' lang='lat'>‚</span> <span class='ocrx_word' id='word_1_273' title='bbox 695 2622 734 2658; x_wconf 73' lang='grc' dir='ltr'>ὅ(</span> <span class='ocrx_word' id='word_1_274' title='bbox 763 2620 842 2665; x_wconf 66' lang='lat' dir='ltr'>eius</span> <span class='ocrx_word' id='word_1_275' title='bbox 869 2627 937 2665; x_wconf 88' lang='lat' dir='ltr'>ap·</span> <span class='ocrx_word' id='word_1_276' title='bbox 994 2622 1078 2662; x_wconf 86' lang='lat' dir='ltr'>quae</span> <span class='ocrx_word' id='word_1_277' title='bbox 1101 2607 1171 2645; x_wconf 80' lang='lat' dir='ltr'>via</span> <span class='ocrx_word' id='word_1_278' title='bbox 1197 2602 1463 2654; x_wconf 59' lang='lat' dir='ltr'>Principiorum</span> <span class='ocrx_word' id='word_1_279' title='bbox 1480 2625 1490 2642; x_wconf 90' lang='lat'>,</span> <span class='ocrx_word' id='word_1_280' title='bbox 1513 2605 1598 2646; x_wconf 78' lang='lat' dir='ltr'>quae</span> 
     </span>
     <span class='ocr_line' id='line_1_37' title="bbox 333 2649 1599 2739; baseline -0.033 -14"><span class='ocrx_word' id='word_1_281' title='bbox 333 2684 533 2739; x_wconf 81' lang='lat' dir='ltr'>paratibus</span> <span class='ocrx_word' id='word_1_282' title='bbox 555 2675 751 2728; x_wconf 83' lang='lat' dir='ltr'>copiisque</span> <span class='ocrx_word' id='word_1_283' title='bbox 775 2668 938 2708; x_wconf 68' lang='lat' dir='ltr'>destina·</span> <span class='ocrx_word' id='word_1_284' title='bbox 994 2675 1130 2713; x_wconf 84' lang='lat' dir='ltr'>nempe</span> <span class='ocrx_word' id='word_1_285' title='bbox 1148 2671 1212 2710; x_wconf 81' lang='lat' dir='ltr'>pet</span> <span class='ocrx_word' id='word_1_286' title='bbox 1237 2667 1361 2694; x_wconf 79' lang='lat' dir='ltr'>totam</span> <span class='ocrx_word' id='word_1_287' title='bbox 1381 2649 1599 2690; x_wconf 61' lang='lat' dir='ltr'>castrofum</span> 
     </span>
     <span class='ocr_line' id='line_1_38' title="bbox 335 2701 1601 2779; baseline -0.032 -1"><span class='ocrx_word' id='word_1_288' title='bbox 335 2751 374 2778; x_wconf 74' lang='lat' dir='ltr'>ta</span> <span class='ocrx_word' id='word_1_289' title='bbox 412 2736 526 2775; x_wconf 85' lang='lat' dir='ltr'>sedes.</span> <span class='ocrx_word' id='word_1_290' title='bbox 567 2727 829 2779; x_wconf 77' lang='lat' dir='ltr'>Quaestorium</span> <span class='ocrx_word' id='word_1_291' title='bbox 864 2719 943 2759; x_wconf 84' lang='lat' dir='ltr'>illis</span> <span class='ocrx_word' id='word_1_292' title='bbox 997 2714 1243 2757; x_wconf 76' lang='lat' dir='ltr'>latitudinem</span> <span class='ocrx_word' id='word_1_293' title='bbox 1270 2709 1319 2748; x_wconf 82' lang='lat' dir='ltr'>ab</span> <span class='ocrx_word' id='word_1_294' title='bbox 1349 2717 1424 2746; x_wconf 80' lang='lat' dir='ltr'>uua</span> <span class='ocrx_word' id='word_1_295' title='bbox 1456 2701 1601 2744; x_wconf 72' lang='grc' dir='ltr'>1)ῑίηεί-</span> 
     </span>
    </p>
   </div>
  </div>
 </body>
</html>
