1680 3110
119 249 197 284 U.c
220 247 308 292 388.

146 1120 311 1170 Rogatio-

118 1186 178 1211 ηις
208 1183 313 1207 triem-

119 1232 235 1253 norum
252 1232 310 1255 ac-

119 1275 226 1312 ceptae.

117 276 305 341 &sc-⁸364.

330 183 414 246 72
706 158 1324 225 T.L1v11'

331 265 441 300 cem
473 245 607 298 haud
635 243 797 296 minus
832 245 938 314 post
964 261 1114 296 annos
1148 263 1202 296 ea
1233 245 1362 296 aeta:
1390 243 1488 294 hoc
1517 257 1600 295 au-

330 330 432 366 tem
454 330 581 365 anno
597 350 612 372 ,
648 311 696 361 in
721 310 914 362 Albano
936 329 959 361 a
998 330 1052 362 ro
1073 330 1188 363 cum
1203 311 1360 362 Gallis
1385 310 1596 361 diclato-
1658 325 1680 355 ψ

328 399 382 435 re
424 386 490 430 M.
534 377 677 429 Furio
719 377 846 452 figna
887 327 1080 429 coliata.
1123 383 1232 429 Nec
1275 377 1460 438 dubia,
1505 391 1599 434 nec
1636 386 1642 390 ·

329 445 545 499 difficilis
573 448 800 495 Romanis
832 448 1150 512 (quanquam
1185 444 1431 510 ingentem
1469 441 1601 491 Galli

329 529 569 564 terrorem
607 509 840 562 memoria
873 511 1075 579 pristinae
1112 510 1262 561 cladis
1296 509 1601 572 attulerant)

331 578 537 631 victoria
566 576 676 628 fuit.
706 577 860 628 Multa
883 577 1032 628 millia
1061 578 1376 628 barbarorum
1401 576 1449 624 in
1467 575 1600 635 acie,

331 645 487 696 multa
519 644 671 713 captis
698 644 859 694 castris
894 645 1039 694 caesa:
1077 643 1222 711 palati
1259 643 1336 693 alii
1370 639 1601 708 Apuliam
1678 671 1680 673 -

331 710 544 762 maxime
568 725 817 777 petentes,
850 728 1006 777 quum
1034 718 1051 751 3
1088 709 1206 776 fuga
1226 712 1270 760 se
1301 706 1602 776 longinqua,

329 792 439 830 tum
471 777 611 845 quod
642 778 801 846 paffim
829 793 914 826 eos
946 786 971 818 4
996 774 1132 826 fimul
1165 794 1315 844 pavor
1343 790 1601 842 terrorque

332 843 645 903 distulerant,
678 844 736 894 ab
766 841 902 893 hoste
931 843 1025 892 sese
1055 842 1201 893 tutati
1226 843 1350 893 sunt.
1379 840 1603 891 1)ίᾶ3ῑο-

333 910 413 970 ri,
457 912 688 961 consensu
737 911 940 960 Parrum
987 908 1237 977 plebisque
1265 948 1278 970 ,
1323 906 1603 974 triumphus

332 977 581 1028 decretus.
627 975 844 1026 Vixdum
893 975 1205 1043 perfunetum
1256 993 1369 1026 eum
1411 973 1542 1025 bello
1584 1011 1602 1034 ,

334 1044 552 1095 atrocior
573 1042 704 1093 domi
729 1041 900 1092 seditio
926 1042 1151 1110 excepit:
1188 1044 1241 1093 δε
1270 1059 1355 1111 per
1388 1040 1603 1109 ingentia

336 1110 600 1162 certamina
623 1108 829 1160 distator
856 1109 1139 1176 senatusque
1164 1109 1348 1169 vietus,
1378 1123 1434 1158 ut
1467 1120 1604 1174 roga-

339 1179 499 1228 tiones
522 1176 781 1227 tribunitiae
803 1175 1165 1241 acciperentur:
1199 1178 1248 1225 &
1265 1174 1462 1225 comitia
1484 1190 1603 1224 con-

338 1245 498 1295 sulum
542 1242 741 1293 adversa
783 1241 1036 1292 nobilitate
1080 1240 1279 1301 habita,
1325 1241 1504 1309 quibus
1546 1244 1602 1290 L.

336 1311 533 1362 Sextius
566 1310 626 1360 de
663 1308 805 1376 plebe
831 1308 1015 1376 primus
1047 1307 1215 1358 consul
1247 1307 1417 1357 faCtus.
1447 1309 1507 1356 Et
1538 1322 1602 1356 ne

335 1379 379 1429 is
409 1375 610 1446 quidem
642 1376 750 1425 finis
778 1375 1099 1425 certaminum
1126 1373 1236 1424 fuit.
1266 1376 1379 1442 quia
1411 1371 1603 1433 patricii

338 1461 361 1507 5
391 1444 437 1493 se
456 1442 678 1494 auitores
695 1441 890 1492 futuros
911 1441 1174 1508 negabant,
1214 1458 1364 1509 prope
1385 1434 1602 1490 secessio-

332 1528 447 1562 nem
462 1509 616 1579 plebis
635 1526 710 1558 res
732 1506 1069 1575 terribilesque
1083 1506 1195 1557 alias
1214 1507 1368 1558 minas
1382 1505 1604 1556 civilium

331 1575 653 1627 certaminum
690 1574 854 1625 venit:
885 1591 1040 1640 quum
1076 1588 1235 1623 tamen
1273 1591 1358 1640 per
1390 1571 1603 1622 diCtato-

332 1661 439 1696 rem
465 1641 829 1692 conditionibus
853 1640 1020 1690 sedatae
1041 1639 1290 1690 discordiae
1316 1641 1450 1697 sunt;
1483 1655 1604 1688 con-

335 1709 616 1776 cessumque
648 1708 705 1757 ab
738 1705 992 1757 nobilitate
1025 1705 1154 1773 plebi
1185 1706 1245 1756 de
1278 1703 1474 1756 consule
1503 1704 1602 1772 ple-

336 1775 451 1827 beio
472 1814 486 1835 ,
519 1775 545 1826 a
575 1774 715 1842 plebe
747 1772 990 1824 nobilitati
1022 1772 1082 1822 de
1113 1787 1314 1840 praetore
1334 1789 1445 1822 uno
1467 1809 1480 1830 ‚
1516 1771 1604 1836 qui

338 1842 417 1910 jus
446 1842 494 1891 in
526 1841 646 1892 urbe
675 1839 893 1900 dice-ret,
924 1856 986 1889 ex
1016 1839 1241 1890 Patribus
1274 1836 1604 1888 creandmlta

339 1909 401 1961 ab
437 1908 624 1958 diutina
651 1907 719 1957 ira
748 1905 943 1956 tandem
971 1906 1019 1954 in
1053 1905 1368 1956 concordiam
1400 1902 1605 1954 redaffis

340 1973 627 2034 ordinibus,
662 1973 683 2006 ⁶
719 1990 873 2041 quum
913 1971 1106 2039 dignam
1139 1990 1244 2024 eam
1276 1989 1378 2022 rem
1414 1971 1603 2020 senatus

342 2043 561 2094 censeret
593 2039 684 2091 esse
717 2080 731 2102 ‚
767 2037 1044 2108 meritoque
1079 2037 1131 2088 id
1162 2079 1179 2101 ,
1214 2038 1248 2089 fi
1284 2036 1482 2106 quando
1513 2052 1600 2086 un-

398 2188 414 2221 3
431 2173 583 2225 fugdse
599 2172 804 2228 longinqui
819 2202 829 2211 .
847 2200 857 2211 .
870 2200 881 2211 .
898 2171 948 2211 ab
1059 2182 1075 2218 5
1133 2173 1180 2210 Se
1217 2168 1384 2210 auHores
1417 2169 1601 2222 futuros]

343 2228 440 2280 hoste
460 2227 535 2279 sese
553 2228 665 2264 tutati
686 2225 799 2278 sunt]
822 2231 948 2265 Vacat
1001 2225 1094 2265 Vid.
1112 2237 1195 2264 not.
1219 2235 1252 2269 5.
1272 2223 1321 2262 ad
1338 2228 1368 2262 Ι.
1389 2234 1452 2267 ¹7·

342 2295 412 2321 aut
442 2278 546 2332 prius
571 2278 641 2331 se,
669 2292 734 2317 aut
763 2278 947 2331 posterius

334 2335 426 2388 sese.
455 2338 543 2373 Hoc
567 2330 695 2386 potitis
723 2332 840 2372 deleri
864 2332 949 2386 pla-
1054 2338 1078 2368 6
1101 2330 1232 2386 Qum
1262 2329 1439 2383 dignam]
1469 2333 1604 2375 Quum

338 2401 413 2429 cet.
1002 2384 1166 2437 dignam
1203 2396 1289 2422 eam
1333 2395 1416 2421 rem
1456 2382 1606 2420 senatus

392 2456 420 2489 4
451 2438 574 2480 Simul
591 2450 711 2493 pavor
734 2444 945 2493 terrorque]
1004 2439 1170 2477 censeret
1194 2434 1292 2482 effe,
1317 2436 1369 2474 ob
1401 2448 1521 2488 quam
1547 2436 1607 2473 lu-

344 2496 471 2533 Pavor
487 2525 497 2542 ,
518 2496 583 2546 qui
607 2492 792 2531 infidebat
813 2493 948 2530 menri.
1004 2491 1042 2529 di
1076 2492 1238 2528 maximi
1263 2487 1399 2527 fierent
1416 2518 1427 2536 ,
1453 2488 1607 2540 diesque

344 2549 475 2587 Terror
491 2573 502 2593 ,
531 2548 595 2599 qui
630 2545 652 2584 εὶ
680 2548 789 2584 novis
823 2545 951 2582 subin·
1005 2557 1100 2583 unus
1118 2543 1168 2581 ad
1190 2542 1359 2581 triduum
1383 2545 1608 2631 Latinarffiu

342 2601 389 2638 dc
441 2600 732 2639 occurrentibus
777 2597 951 2638 hostibus
1006 2597 1235 2644 adficeretur
1252 2612 1262 2643 ·,
1280 2592 1497 2647 merit6que
1521 2598 1532 2632 i

341 2653 557 2696 accidebat.
1008 2649 1077 2691 fibi
1106 2646 1179 2690 effe
1202 2648 1436 2694 faciendum.

1461 2715 1609 2770 qllilln
1677 2690 1680 2693 Ι
