1669 3052
450 155 503 217 L
552 180 576 219 1
623 179 657 218 B
705 181 743 222 E
792 180 833 222 R
915 161 1034 226 VI.
1269 186 1314 247 4
1317 185 1356 248 5

83 243 198 312 'filix
216 241 354 309 qudm
380 242 473 309 pia.
503 245 638 307 Quod
655 246 713 291 ad
741 245 936 293 crimina
960 246 1154 303 attinet,
1189 251 1354 314 quibus
1373 262 1560 305 (Le-3744

82 316 195 366 moti
217 310 386 360 bellum
404 311 633 372 indixistis
647 345 663 366 ,
691 311 769 375 etfi
795 313 976 361 revic‘ia
997 315 1129 362 rebus
1143 350 1158 370 ,
1193 319 1352 373 verbis
1370 311 1454 346 ²²·C·
1473 309 1561 353 378·

83 398 162 429 con
184 394 312 428 utare
334 375 455 425 nihil
475 379 642 424 attinet
656 395 677 436 ,·
708 393 857 425 tamen
876 413 892 434 ,
923 380 1098 445 etiamsi
1113 399 1224 430 vera
1227 383 1351 446 fint,

80 446 161 497 vel
176 445 326 512 fhteri
353 445 480 492 nobis
508 460 586 497 ea,
615 461 753 506 quum
770 458 863 491 tam
881 448 1117 494 evidenter
1129 450 1352 514 paenitue-

79 516 146 563 rit
161 547 177 568 ‚
208 527 354 560 tutum
379 510 616 571 censemus.
642 515 856 556 Peccetur
872 512 920 558 in
943 531 1025 560 vos
1041 549 1057 571 ‚
1095 515 1199 562 dum
1220 516 1355 580 digni

66 580 202 647 fitis,
240 578 405 643 quibus
440 578 508 623 ita
533 575 753 638 satisfiat.
797 577 1007 627 Tantum
1041 577 1144 629 fere
1175 582 1356 630 verbo-
1426 610 1429 613 -

79 663 189 696 rum
214 645 272 692 ab
299 638 586 691 Tusculanis
619 637 819 690 factum.
854 642 1030 693 Pacem
1064 645 1114 694 in
1152 648 1353 714 praesen-

78 713 177 771 tia,
198 725 288 759 nec
320 709 388 758 ita
421 705 579 757 multo
600 705 704 774 post
737 707 987 759 civitatem
1022 711 1168 760 etiam
1190 714 1350 782 impe-

81 789 349 828 traverunt.
376 773 434 823 ab
470 772 685 822 Tusculo
720 771 937 838 legiones
972 775 1193 827 reduelae.

146 846 351 893 XXVII.
364 838 602 890 Camillus
620 837 820 888 confilio
837 842 885 888 δε
904 841 1088 892 virtute
1108 844 1155 893 in
1173 844 1353 897 Volsco

78 909 212 959 bello
225 948 239 970 ,
253 907 491 958 felicitate
507 907 557 954 in
570 905 844 955 Tusculana
858 907 1171 975 expeditione
1182 949 1196 971 ,
1213 926 1351 962 utro-

78 977 231 1044 bique
264 973 487 1040 smgulari
509 970 737 1022 adversus
766 972 1002 1039 collegam
1032 978 1268 1043 patientia
1299 982 1351 1028 δε

80 1042 413 1094 moderatione
436 1037 661 1104 infignis‚
690 1038 967 1104 magistratu
988 1040 1142 1102 abiit3
1174 1047 1350 1095 creatis

79 1109 289 1159 tribunis
311 1104 603 1155 militaribus
625 1105 675 1154 in
694 1107 1032 1172 insequentem
1053 1125 1233 1160 annum
1249 1150 1263 1172 ,
1294 1116 1350 1162 L.
1371 1117 1452 1155 U.c.
1466 1130 1552 1165 375.

78 1178 129 1227 δε
163 1176 215 1224 Ρ.
253 1172 492 1233 Valeriis,
532 1172 688 1222 Lucio
728 1170 988 1239 quintum,
1028 1174 1206 1226 Publio
1243 1191 1345 1227 ter·
1365 1167 1554 1249 ³·ff·334717‚·

77 1239 199 1292 tium
220 1278 235 1298 ‚
270 1243 320 1291 ἃ
352 1242 415 1289 C.
453 1239 624 1305 Sergio
647 1237 880 1299 tertium,
914 1243 965 1289 L.
1007 1244 1239 1292 Menenio
1269 1241 1554 1306 se-w'aleriis}

76 1305 291 1359 cundum
312 1346 327 1368 ,
357 1310 438 1375 Sp.
474 1306 670 1374 Papirio
690 1309 823 1366 ,Sen
858 1305 1097 1357 Cornelio
1132 1309 1345 1378 Malugi-
1364 1308 1439 1389 &91-
1469 1310 1538 1344 Tr.

74 1376 234 1427 nense.
267 1372 568 1424 Censoribus
589 1389 791 1440 quoque
816 1374 954 1439 eguit
975 1391 1128 1425 annus
1145 1414 1158 1436 ,
1195 1386 1210 1410 1
1238 1396 1344 1428 ma-
1361 1356 1543 1437 Mirum·-

73 1441 207 1492 xime
235 1455 434 1510 propter
454 1439 690 1489 incertam
719 1438 896 1489 famam
930 1441 1032 1489 aeris
1059 1441 1229 1504 alieni3
1262 1459 1344 1512 ag·-
1361 1460 1450 1503 mtfm
1488 1461 1528 1484 12*-

71 1507 389 1575 gravantibus
405 1508 634 1557 summam
648 1506 793 1555 etiam
810 1505 1002 1557 invidiae
1014 1507 1089 1573 eju
1099 1525 1118 1557 s
1135 1510 1264 1561 tribu
1272 1514 1348 1562 nis
1362 1496 1514 1530 ‘'Imm''

73 1574 231 1645 plebis
244 1612 257 1634 ‚
278 1593 434 1642 quum
453 1573 512 1623 ab
535 1574 594 1622 iis
615 1571 889 1623 elevaretur
905 1611 919 1630 ,
939 1574 1121 1641 quibus
1139 1575 1233 1626 fide
1250 1596 1348 1629 ma-

73 1643 150 1711 gis
169 1641 317 1709 quam
336 1639 534 1690 fortuna
553 1639 838 1690 debentium
858 1639 1076 1691 laborare
1102 1643 1349 1697 creditum

72 1707 231 1758 videri
253 1707 556 1776 expediebat.
579 1707 749 1757 Creati
771 1708 1080 1768 censoreS,C.
1100 1709 1350 1779 Sulpicius

73 1776 387 1835 Camerinus,
406 1777 484 1843 Sp.
503 1773 781 1824 Postumius
817 1773 1119 1841 Regillensis,
1156 1792 1345 1847 coepta-

74 1858 172 1909 que
187 1841 282 1909 jam
298 1857 376 1893 res
396 1878 412 1903 ,
440 1854 598 1892 morte
623 1839 885 1902 Postumii,
915 1851 935 1875 2
970 1843 1086 1911 quia
1105 1842 1346 1913 collegam

1362 1545 1485 1586 Romae,

128 2029 142 2056 ι
182 2018 357 2057 Maxime*
388 2028 533 2073 propter
564 2019 677 2059 incer-

65 2082 148 2112 tam
173 2071 352 2125 famam]
379 2071 555 2111 Maxime
581 2086 676 2126 pro·

67 2139 152 2178 pter
181 2128 312 2165 varios
340 2128 380 2164 ὃ(
411 2129 577 2165 incertos
608 2140 675 2165 ru-

69 2179 268 2229 moresbde
297 2179 564 2232 magnitudine
591 2183 677 2218 aetis

68 2234 186 2272 alieni
213 2261 226 2280 ,
266 2247 312 2273 ex
347 2247 393 2271 eo
428 2246 536 2272 ortos
569 2232 678 2286 quod

65 2287 161 2327 hinc
178 2287 327 2325 tribuni
347 2287 470 2339 plebis
495 2300 678 2340 augerent

64 2350 150 2380 tem
169 2341 297 2380 verbis
315 2369 326 2388 ,
352 2343 391 2380 ὅ(
408 2341 678 2393 exaggerando

65 2392 359 2433 invidiosiorem
387 2396 505 2433 etiam
522 2423 534 2443 ,
555 2394 675 2447 quam

65 2447 389 2487 Veritas-ferebat
418 2477 431 2496 ,
474 2448 675 2496 facerent3

62 2501 176 2540 illinc
204 2515 285 2540 rem
312 2514 561 2540 extenuarent
586 2531 596 2550 ,
631 2505 672 2541 &

63 2558 143 2606 ejus
160 2556 350 2596 invidiam
364 2555 524 2593 mollire
541 2558 677 2599 aemi-

65 2616 181 2647 nuere
205 2622 436 2648 conarentur
458 2611 483 2646 ii
498 2638 511 2657 ,
537 2610 677 2661 quibus

65 2663 290 2714 expediebat
331 2661 382 2703 fic
428 2662 637 2703 existimati
661 2692 676 2712 ,

730 2018 966 2058 solutionem
1001 2019 1238 2060 creditarum
1275 2036 1343 2075 pe-

730 2076 934 2112 cumarum
961 2073 1047 2112 ideo
1069 2074 1198 2126 potius
1216 2079 1342 2128 impe-

731 2126 856 2166 ditam
871 2124 957 2175 effe,
975 2126 1081 2180 quod
1098 2127 1204 2177 fides,
1221 2130 1342 2183 quam

731 2179 837 2233 quod
863 2181 1021 2220 fortuna
1048 2181 1226 2222 debentes
1248 2182 1344 2222 defi-

731 2247 845 2273 ceret.
879 2240 933 2275 Ut
955 2246 1087 2274 autem
1111 2240 1152 2275 in
1173 2239 1246 2276 hac
1268 2251 1342 2276 va·

731 2291 866 2327 rietate
927 2289 1152 2329 sermonum
1209 2291 1345 2343 dispici

731 2340 854 2395 posset
873 2371 884 2389 ‚
920 2343 1014 2394 quid
1041 2357 1180 2382 verum
1207 2344 1343 2393 foret,

731 2396 831 2434 nihil
854 2397 969 2435 satius
990 2410 1072 2435 erat
1086 2426 1099 2445 ‚
1126 2395 1245 2450 quam
1264 2397 1340 2436 sin-

731 2450 915 2502 gulorum
943 2448 1144 2490 facultates
1163 2465 1229 2504 pet
1251 2465 1341 2491 cen-

731 2505 815 2542 sum
837 2505 985 2555 Inspici.
1042 2531 1044 2533 »
1316 2522 1319 2523 ’

783 2570 802 2593 2.
853 2556 963 2613 §Qu-ia
1009 2555 1186 2610 collegam
1224 2557 1345 2610 suffici

731 2610 865 2661 censori
886 2608 1011 2663 religio
1032 2619 1144 2663 erat]
1169 2611 1260 2654 vid.
1281 2613 1341 2651 su-

732 2664 802 2717 pt&
823 2669 873 2707 V.
902 2674 963 2712 31.
