1680 3110
289 215 372 278 50
664 186 740 244 T.
824 182 877 241 L
923 199 951 246 1,
997 195 1040 239 v
1090 195 1113 234 1
1163 193 1186 233 ῐ

72 295 262 334 U·c·376·
287 282 381 332 bus
411 271 563 327 creati
591 271 646 320 P.
677 270 728 319 &
758 266 821 314 C.
852 258 1022 312 Manlii
1047 273 1159 306 cum
1197 257 1252 304 L.
1279 245 1562 316 Juliozplet*

74 342 272 424 abc-‘3⁷3²
291 350 378 399 bes
400 347 464 394 C.
487 335 748 390 Sextilium
766 371 779 393 ‚
806 334 875 380 M.
906 325 1194 381 Albinium,
1219 324 1271 369 L.
1297 315 1565 367 Antistium

78 411 270 476 Manlii52
295 412 447 466 dedit.
483 402 704 462 Manliis,
731 395 870 469 quod
903 407 1081 462 genere
1112 385 1333 455 plebeios
1358 421 1374 443 ‚
1409 378 1568 449 grati&

81 484 161 522 ἃς»
186 483 255 519 Tr.
294 488 318 543 J
326 480 482 532 ulium
501 469 750 526 anteibant
765 505 779 527 ,
803 462 970 515 Volsci
992 455 1244 528 provincia
1265 491 1280 513 ‚
1303 462 1320 487 ¹
1346 447 1441 499 fine
1465 449 1568 498 sora

293 564 344 599 te
359 585 374 608 ,
389 545 486 594 fine
508 534 874 606 comparatione
889 567 903 590 ,
922 542 1057 579 extra
1075 521 1297 574 ordinem
1321 516 1462 566 data:
1483 522 1591 563 cix-⁰
1636 516 1639 519 '
1679 505 1680 519 ¹

294 615 372 683 jus
391 609 587 679 &ipsos
609 599 863 673 postmodo
879 635 893 657 ‚
916 599 966 647 δε
984 596 1151 643 Patres
1166 627 1180 650 ‚
1205 584 1291 656 qui
1310 581 1573 642 dederant,

299 677 558 753 poenituit.
579 663 898 738 Inexplorato
919 658 1203 731 pabulatum
1227 651 1459 703 cohortes
1481 646 1575 696 mi-
1617 639 1621 641 “

300 751 417 800 sere.
442 741 627 813 quibus
657 736 799 789 velut
821 723 1171 782 circumventis
1187 760 1202 782 ,
1228 736 1383 787 quum
1409 714 1458 764 id
1480 712 1573 764 fal-

302 815 359 867 εἰ)
396 809 682 865 nunciatum
716 800 832 853 esset
856 837 870 859 ‚
894 796 1012 846 dum
1030 833 1045 854 ,
1075 786 1287 859 praefidio
1311 798 1366 834 ut
1390 780 1541 832 effent
1559 815 1578 840 ,

303 879 445 934 citati
473 876 701 931 feruntur
721 909 736 932 ,
756 885 815 918 ne
852 863 1050 915 vastiore
1083 855 1284 924 quidem
1309 847 1542 900 asservato
1558 883 1576 907 ‚

307 948 396 1017 qui
423 962 508 997 eos
529 939 679 994 hostis
701 935 901 988 Latinus
928 946 1017 998 pro
1047 925 1202 976 milite
1231 923 1448 970 Romano
1470 914 1579 964 fru-

310 1016 485 1071 stratus
515 1023 648 1068 erat,
687 1001 772 1074 ipfi
803 1002 851 1051 in
882 995 1070 1048 infidias
1098 985 1474 1062 praecipitavere.
1503 977 1586 1030 Ibi

311 1083 431 1134 dum
465 1079 639 1144 iniquo
671 1071 785 1122 loco
819 1065 917 1117 sol&
947 1063 1133 1115 virtute
1164 1056 1377 1106 militum
1408 1047 1587 1099 restan-

315 1165 391 1201 tes
423 1145 675 1197 caeduntut
713 1134 1005 1201 caeduntque
1032 1168 1046 1190 ,
1081 1124 1228 1177 castra
1260 1116 1456 1171 interim
1490 1117 1591 1164 Ro·-

317 1232 456 1268 mana
483 1207 688 1279 jacentia
713 1206 764 1256 in
792 1218 964 1268 campo
993 1195 1051 1246 ab
1082 1193 1228 1244 altera
1260 1199 1394 1257 parte
1427 1179 1592 1231 hostes

318 1283 551 1335 invasere.
587 1274 667 1325 Ab
690 1269 902 1323 ducibus
922 1261 1191 1329 utrobique
1214 1251 1416 1325 proditae
1438 1262 1595 1298 terne-

318 1351 464 1403 ritate
498 1358 647 1412 atque
675 1336 864 1391 insciti&
897 1350 990 1384 res.
1019 1339 1040 1364 2
1072 1320 1318 1395 quidquid
1352 1312 1595 1385 superfuit

322 1417 533 1470 fortunae
564 1407 726 1478 'iopuli
750 1401 992 1458 Romani,
1016 1395 1066 1447 id
1095 1393 1308 1443 militum
1333 1383 1478 1437 etiarn
1498 1378 1597 1430 fine
1627 1418 1637 1425 .

323 1483 518 1537 restore
544 1475 723 1529 stabilis
749 1473 907 1524 virtus
938 1478 1095 1516 tutata
1117 1459 1197 1509 est.
1238 1460 1366 1518 Quae
1388 1450 1474 1501 ubi
1497 1450 1599 1496 Ro-

324 1568 456 1603 mam
486 1549 597 1597 sunt
624 1541 803 1600 relata,
825 1531 1034 1606 primfim
1056 1527 1345 1579 &Statorem
1371 1516 1469 1567 dici
1493 1513 1600 1582 pla·

326 1618 472 1670 cebat
496 1633 506 1664 :
530 1608 706 1663 deinde
725 1647 741 1669 ,
777 1603 1031 1673 postquam
1067 1594 1244 1663 quietae
1276 1604 1352 1638 res
1383 1600 1443 1633 ex
1476 1578 1602 1631 Vol-

327 1685 422 1737 scis
455 1677 810 1734 afferebantur,
845 1673 898 1721 δε
933 1661 1156 1736 apparuit
1192 1655 1376 1709 nescire
1408 1664 1494 1700 eos
1527 1645 1604 1704 vi-

331 1750 487 1804 ἃοῑίἓ.
530 1749 584 1798 δε
624 1755 845 1810 tempore
879 1735 955 1786 uti
992 1772 1005 1793 ‚
1044 1725 1263 1780 revocati
1304 1720 1452 1771 etiam
1489 1712 1604 1764 inde

335 1817 582 1871 exercitus
612 1828 668 1862 at
694 1809 844 1859 duces
868 1822 879 1853 :
904 1800 1161 1865 otiumque
1193 1791 1305 1843 inde
1326 1824 1340 1847 ,
1364 1779 1603 1854 quantfim

332 1889 362 1938 ’ἶι
383 1881 557 1937 Voscis
576 1919 589 1942 ‚
613 1877 728 1929 fuit.
758 1872 808 1925 id
838 1866 990 1921 modo
1019 1878 1239 1915 extremo
1271 1871 1397 1906 anno
1423 1845 1609 1900 tumul·

337 1967 530 2006 tuatum
548 1987 563 2011 ,
586 1942 726 2015 quod
741 1933 1015 1992 Praenestini
1037 1925 1298 1981 concitatis
1319 1917 1607 1970 Latinorum

396 2127 412 2153 1
455 2112 543 2152 Sine
564 2102 774 2162 sorte,fine
805 2107 947 2149 compa·
1004 2092 1185 2133 observat
1227 2081 1464 2123 Gronovius.
1518 2080 1615 2129 Lege

339 2169 510 2216 ratione]
535 2169 594 2203 Ita
618 2172 658 2200 ut
675 2156 822 2197 tribuni
841 2152 948 2191 mili·
1004 2159 1094 2187 cum
1131 2155 1177 2181 eo
1207 2154 1216 2177 z
1250 2132 1458 2189 „Quidquid
1487 2130 1617 2183 supcr-

342 2237 427 2264 tum
465 2232 534 2259 nec
574 2216 802 2255 sortirentur
830 2236 842 2254 ‚
883 2218 951 2244 nec
998 2200 1104 2255 fuit,
1122 2206 1260 2245 nempe
1287 2190 1331 2229 de
1355 2191 1413 2227 his
1443 2184 1619 2224 exerciti-

342 2283 617 2328 compa1·atent
635 2298 646 2316 ‚
673 2269 698 2304 i.
722 2279 754 2303 e.
775 2272 952 2301 commu·
1010 2255 1078 2292 bus
1094 2249 1268 2303 ,fortuna
1287 2241 1412 2299 populi
1431 2236 1590 2277 Romam·
1606 2263 1618 2282 ‚

344 2334 386 2371 ni
416 2325 599 2369 consensu
628 2324 727 2360 inter
751 2318 786 2355 se
810 2312 951 2354 consti·
1010 2315 1062 2353 Θ
1077 2304 1239 2343 militum
1261 2299 1372 2336 ctiam
1391 2293 1469 2344 fine
1486 2288 1622 2340 refiert

344 2394 510 2429 tuerent,
524 2381 607 2432 quis
621 2374 670 2414 ad
687 2371 834 2411 bellum
852 2379 956 2420 egre-
1001 2357 1153 2413 flabilis
1189 2354 1315 2391 virtus
1341 2375 1354 2395 ,
1389 2354 1518 2385 tutata
1557 2340 1638 2394 cst„
1670 2333 1678 2340 ’

347 2438 388 2481 di
410 2466 422 2486 ,
457 2437 541 2489 quis
558 2437 696 2472 Romae
715 2436 871 2464 manere
889 2419 954 2459 de-
1012 2412 1114 2454 Solet
1146 2409 1271 2448 Livius
1291 2433 1303 2453 ‚
1335 2413 1419 2455 quae
1449 2396 1623 2448 inspera-

348 2492 471 2532 beret.
1012 2481 1095 2508 tam
1126 2464 1287 2502 salutem
1311 2458 1353 2495 in
1371 2454 1505 2505 aliquo
1526 2450 1626 2498 peri-

402 2558 423 2582 2
454 2540 568 2597 Qicl
598 2535 663 2576 uid
680 2530 861 2588 superfuit
877 2528 957 2582 sor·
1013 2523 1102 2561 culo
1129 2514 1368 2557 attulerunt,
1385 2520 1430 2546 ea
1458 2503 1630 2542 fenne

346 2608 445 2638 tunae
478 2593 605 2650 popui
643 2587 833 2632 Romani]
871 2587 957 2621 Hoc
1012 2573 1145 2629 popuii
1198 2566 1371 2608 Romani
1425 2559 1631 2608 delegave.

350 2653 466 2692 nimis
496 2645 593 2687 elate
618 2639 826 2691 inflateqtie
851 2637 891 2674 in
918 2648 957 2673 re
1013 2630 1104 2670 Vid.
1135 2630 1164 2664 Ι.
1194 2630 1258 2673 46.
1291 2623 1339 2659 11.
1368 2629 1433 2665 40.
1462 2615 1500 2651 Sc
1526 2607 1635 2649 alibi

351 2704 441 2747 sane.
462 2703 538 2745 levi
559 2700 704 2742 dietum
725 2691 798 2734 css'e
814 2721 826 2742 2
861 2687 958 2730 recte
1018 2686 1165 2737 ilrpirm.
