1669 3052
406 91 749 154 [1213ss
836 81 911 146 X.
1173 84 1303 157 *351*

36 177 233 237 astent,
255 175 459 226 comitio
490 173 607 224 abit.
635 186 726 222 nec
759 166 948 218 minore
982 157 1153 234 populi
1185 166 1506 207 con-U.c.4r7,

44 245 180 298 sensu
210 241 359 310 quam
391 239 579 291 senatus
606 276 622 299 ‚
656 233 911 304 provincia
942 232 1136 280 Etrurla
1169 214 1512 290 extraafifflgffi:

45 313 225 363 sortem
251 308 397 358 Fabio
424 306 620 359 decreta
647 302 729 354 est.
1320 313 1373 337 era
1389 302 1515 342 amm

114 379 281 426 XXV.
312 373 600 424 Concursus
632 369 743 419 inde
777 366 837 419 ad
871 361 1119 416 consulem
1155 349 1498 429 fastusdff‘“.2ss·

50 442 272 494 omnium
310 440 462 491 ferme
498 438 781 505 juniorum,
815 436 864 484 δε
899 449 988 499 pro
1024 431 1069 479 se
1108 408 1410 494 quisque‘'“”
1442 421 1452 433 '

0 548 10 554 -
54 507 250 561 nomina
273 506 478 558 dabant:
500 518 632 555 tanta
655 499 839 568 cupido
870 511 972 547 erat
999 495 1084 546 sub
1107 509 1168 542 eo
1192 490 1320 540 duce

54 573 287 642 stipendia
333 570 560 623 faciendi.
612 566 733 632 Qua
775 561 1098 614 circumfusus
1139 555 1322 614 turba,

56 648 266 706 Quatuor
293 638 449 688 millia
478 674 493 695 ,
530 635 693 702 inquit
719 671 735 694 ,
767 632 973 699 peditum
1011 628 1069 680 &
1093 628 1326 689 sexcentos

58 709 235 773 equites
271 708 488 754 duntaxat
511 705 711 767 scribere
744 701 793 748 in
826 698 977 746 animo
1011 694 1085 757 est.
1117 692 1328 739 hodierno

60 775 121 827 (⁷9⁹
146 773 334 836 crastino
358 774 430 819 die
452 771 537 837 qui
556 771 737 817 nomina
764 764 981 813 dederitis
997 796 1013 817 ,
1038 775 1210 807 mecum
1238 756 1327 803 du-

61 858 178 890 cam.
214 840 384 898 Majori
416 838 531 886 mihi
565 853 681 884 curae
711 832 768 895 est
785 866 799 887 ,
825 845 875 878 ut
907 845 1053 876 omnes
1088 821 1333 889 locupletes

61 908 272 955 reducam
289 940 305 960 ,
329 906 466 970 qudm
497 917 548 949 ut
571 898 732 948 multis
760 914 856 945 rem
882 911 1042 962 geram
1079 888 1331 939 militibus.

63 969 322 1024 Profectus
356 979 371 1003 ¹
405 982 520 1036 apto
548 963 806 1023 exercitu,
828 965 878 1012 ὅ(
911 977 971 1010 eo
1002 957 1116 1026 plus·
1142 952 1331 1004 fiduciae
1389 964 1521 1002 paenas

65 1054 123 1088 ac
150 1036 247 1104 spei
270 1049 500 1103 gerente,
526 1030 666 1100 quod
696 1046 798 1080 non
821 1025 1080 1078 defiderata
1108 1017 1378 1071 multitqu
1392 1014 1536 1060 Pwviff

66 1104 133 1154 do
165 1116 267 1153 erat
298 1140 313 1162 ,
347 1100 407 1151 ad
436 1098 673 1170 oppidum
705 1094 952 1144 Aharnam
981 1128 997 1150 ‚
1039 1087 1168 1140 unde
1202 1074 1433 1149 haudfissss?
1465 1072 1537 1096 “⁴⁸''

70 1158 245 1238 procul
278 1166 438 1217 hostes
470 1178 637 1224 erant,
672 1161 731 1212 ad
761 1159 909 1210 castra
942 1155 1085 1225 Appii
1119 1150 1338 1222 praetoris

70 1234 249 1304 pergit.
279 1233 448 1303 paucis
477 1232 600 1283 citra
623 1227 842 1280 millibus
862 1225 1127 1291 lignatores
1155 1219 1199 1269 ei
1222 1234 1338 1267 cum

71 1301 285 1371 praefidio
322 1311 592 1352 occurrunt
626 1314 639 1346 ε
671 1294 759 1362 qui
792 1307 847 1343 ut
879 1290 1078 1341 lictores
1106 1282 1343 1354 praegredi

71 1367 334 1428 viderunt,
356 1365 553 1417 Fabium
592 1379 654 1413 ue
676 1356 769 1411 esse
799 1356 1049 1409 consulem
1078 1366 1344 1420 accepere,

73 1434 168 1486 laeti
191 1448 339 1501 atque
361 1432 541 1483 alacres
599 1429 655 1479 iis
679 1425 967 1496 populoque
995 1424 1215 1472 Romano
1237 1431 1347 1483 gra·-

74 1516 152 1553 tes
182 1513 331 1568 agunt
350 1537 366 1560 ,
390 1497 529 1569 quod
561 1513 673 1546 eum
704 1492 790 1543 fibi
822 1492 1167 1558 imperatorem
1196 1482 1344 1534 mifis-

79 1570 198 1620 sent.
239 1563 537 1616 Circumfufi
560 1560 735 1612 deinde
759 1575 914 1640 quum
935 1552 1184 1605 consulem
1215 1548 1348 1600 salu-

79 1647 239 1686 tarent
259 1671 274 1693 ,
307 1632 479 1700 quaerit
506 1629 684 1680 Fabius·
709 1643 812 1693 quo
838 1634 1097 1692 pergerent
1118 1637 1130 1669 ε
1153 1617 1350 1684 respon-

80 1699 407 1766 dentibusque
427 1735 442 1758 ,
465 1696 704 1764 lignatum
726 1694 771 1742 se
793 1691 861 1740 ire
878 1729 893 1751 ,
917 1691 1024 1738 Ai'n’
1046 1687 1226 1734 tandem
1243 1718 1259 1738 ,
1282 1681 1354 1732 in·

85 1767 196 1835 quit
216 1804 231 1826 ,
254 1784 360 1815 num
396 1765 538 1828 cqllra
570 1760 756 1812 vallata
786 1776 870 1807 non
899 1753 1116 1804 habetis?
1139 1748 1220 1799 Ad
1253 1747 1357 1797 hoc

87 1850 244 1901 quum
271 1829 620 1882 succlamatum
647 1824 764 1876 effer
785 1861 801 1883 ‚
825 1821 1002 1889 duplici
1032 1820 1216 1885 quidem
1245 1813 1354 1864 val·-

89 1901 135 1951 lo
165 1936 185 1958 ,
225 1899 283 1952 ἔγ
304 1897 431 1962 fissa*
460 1932 478 1955 ,
517 1895 575 1949 ὅγ’
609 1910 761 1942 tamen
789 1893 841 1942 in
868 1888 1048 1954 ingenti
1082 1898 1205 1934 metu
1243 1880 1320 1947 effl’
1335 1896 1363 1940 ;·

87 1967 285 2022 Habetis
306 1965 481 2030 igitur,
506 1959 669 2028 inquit
683 1996 700 2019 ,
720 1957 896 2023 affatim
916 1955 1162 2020 lignorum.
1185 1949 1362 2001 redite„

91 2034 154 2088 (T
183 2029 350 2082 vellite
383 2028 582 2079 vallum.
619 2023 844 2075 Redeunt
878 2019 928 2071 in
969 2017 1119 2069 castra·
1149 2053 1166 2077 ,
1198 2028 1369 2063 terro-

94 2113 300 2166 remque
321 2094 393 2146 ibi
413 2133 430 2155 ‚
453 2093 692 2147 vellentes
713 2088 894 2141 vallum
913 2123 930 2146 ‚
954 2088 1005 2136 δε
1026 2084 1084 2134 iis
1105 2080 1189 2150 qui
1213 2080 1262 2129 in
1285 2095 1369 2129 ca-

96 2165 214 2218 strisf
233 2163 553 2213 remanserant
591 2156 863 2216 militib-m,
896 2155 947 2204 δε
977 2149 1061 2219 ipsi
1093 2153 1171 2216 Ap
1208 2146 1258 2196 io
1289 2144 1366 2194 fe-

96 2244 289 2283 cerunt.
322 2231 449 2279 Tum
479 2245 570 2296 pro
601 2227 647 2276 se
680 2222 887 2292 quisque
916 2218 999 2270 alii
1030 2216 1135 2268 aliis
1201 2212 1328 2263 icere
1345 2249 1371 2271 ,.

101 2297 305 2363 Consulis
329 2297 381 2360 se
413 2300 477 2360 Q.
507 2295 640 2345 Fabii
653 2295 812 2357 facere
831 2286 965 2354 juffu.
1013 2280 1212 2333 Postero
1248 2277 1370 2329 inde

100 2364 180 2417 die
212 2361 360 2416 castra
390 2362 628 2413 motat&
647 2355 839 2428 Appius
862 2367 1035 2423 praetor
1065 2352 1272 2400 Romam
1292 2344 1372 2402 die

152 2540 170 2567 ι
191 2530 302 2580 ,Apro
317 2532 334 2577 ]
352 2524 502 2564 Idoneo
516 2551 530 2574 ,
548 2518 785 2571 habffi,nec
803 2515 855 2558 ad
881 2514 1077 2569 majorem
1099 2508 1201 2566 justo
1228 2492 1367 2548 nume:⁴⁹

96 2594 190 2622 xum
213 2581 465 2620 excrescente*
852 2586 857 2589 ’
