1669 3052
371 128 756 193 LIBER
838 114 1050 184 VIII.
1249 109 1403 188 155‘

90 237 191 275 mus
209 254 224 277 ,
246 213 668 283 respondeam-isque
693 206 908 258 Romanis
923 238 938 261 ,
963 219 1040 251 nos
1057 232 1072 255 ,
1097 194 1180 245 ubi
1212 194 1375 242 innue-
1398 209 1590 249 U,e.415·-,

91 293 190 339 rint
205 322 219 343 ‚
237 285 452 352 pofituros
484 297 614 331 arma
632 278 655 327 ἒ
675 278 753 327 Sin
782 288 936 324 autem
968 266 1150 318 tandem
1184 259 1379 311 liberta-
1400 257 1591 299 a·C·337»

93 358 158 406 tis
199 353 460 420 defiderium
497 347 719 398 remordet
759 343 932 393 animos
968 353 987 396 ;
1010 333 1057 401 fi
1083 331 1235 397 foedus
1276 328 1336 391 est
1358 346 1380 388 ‚-

97 431 116 459 ¹
130 420 380 488 fifhcietas
405 416 598 483 aequatio
614 411 740 473 juris
761 411 821 473 est
837 426 855 469 ,-
866 406 913 474 si
930 398 1277 467 consanguineos
1302 413 1383 443 nos

97 495 396 551 Romanorum
427 482 505 550 effe
525 517 540 539 ‚
578 480 696 547 quod
724 475 834 525 olim
865 473 1094 540 pudebat,
1126 482 1244 514 nunc
1270 461 1383 529 glo-

98 556 220 606 riari
255 552 365 603 licet
384 569 403 611 ,·
415 552 460 617 st
477 545 671 613 socialis
703 541 808 592 illis
844 539 1065 590 exercitus
1100 534 1144 582 is
1181 531 1270 595 cst,
1294 546 1384 596 quo

101 621 309 683 adjunflo
341 615 574 684 duplicem
605 614 733 662 vires
756 611 867 674 suas
885 641 901 663 ,
924 621 1057 672 quem
1071 602 1303 665 secernere
1325 599 1385 644 ab

92 693 146 756 se
167 684 365 750 consules
390 695 412 719 2
437 681 575 732 bellis
602 679 803 748 propriis
828 673 1047 742 ponendis
1064 665 1309 732 sumendis
1330 681 1387 712 ue

104 754 253 805 nolint
273 778 287 804 .·
312 770 391 800 cur
429 769 513 799 non
547 748 699 797 omnia
738 738 1014 809 aequantur?
1036 752 1117 784 cur
1149 751 1234 781 non
1265 750 1292 779 a
1316 746 1388 780 ter

106 825 162 873 ab
188 820 367 869 Latinis
392 814 542 882 consul
570 817 704 864 datur
724 812 748 859 ,Ρ
769 810 849 859 ubi
862 821 974 874 pars
996 803 1175 853 virium
1191 834 1206 856 ,
1231 799 1302 846 ibi
1326 797 1388 850 ἔφ’-

106 889 296 955 imperii
314 900 424 954 pars
445 884 502 948 est
523 883 540 933 ἓ
562 882 637 946 Est
659 879 843 946 quidem
862 874 991 923 nobis
1009 873 1087 919 hoc
1101 882 1184 940 per
1194 866 1390 930 sehaud

107 957 250 1006 nimis
281 950 482 1020 amplum
506 971 520 998 .·
543 949 708 1016 quippe
734 940 1075 993 concedentibus
1099 941 1284 984 Romam
1306 948 1389 980 ca-

103 1038 191 1092 put
219 1022 348 1070 Latio
377 1017 471 1085 effe.
482 1018 578 1097 sed
602 1031 651 1064 ut
681 1009 884 1079 amplum
913 1005 1071 1057 videri
1098 1000 1227 1068 postet
1244 1034 1260 1055 ,
1285 1000 1392 1048 diu-

111 1087 250 1140 turnci
264 1086 494 1154 patientia
507 1085 729 1150 fecimus.
763 1076 910 1143 Atqui
924 1073 970 1141 fi
989 1070 1166 1138 quando
1190 1082 1394 1130 unquam

109 1155 393 1221 conficiundi
417 1152 605 1218 imperii
624 1185 640 1205 ‚
666 1144 929 1212 ufitrpandae
957 1135 1190 1188 libertatis
1218 1145 1396 1198 tempus

110 1223 297 1291 optastis
316 1238 335 1281 ,·
359 1238 412 1269 en
436 1222 514 1268 hoc
537 1231 710 1284 tempus
742 1211 859 1276 adest
875 1245 891 1266 ,
919 1207 978 1261 ᾤ’
1008 1205 1186 1254 virtute
1210 1198 1362 1262 vestrd
1377 1232 1394 1255 ,

113 1291 174 1345 &¹
208 1288 339 1338 deum
370 1287 653 1352 benignitate
683 1281 815 1331 vobis
848 1279 1022 1326 datum.
1057 1268 1282 1331 Tentastis
1303 1280 1398 1333 pa·-

112 1359 326 1407 1ientiam
360 1390 375 1411 ,
413 1354 614 1419 negando
649 1346 864 1398 militem.
901 1343 1008 1409 quis
1049 1338 1231 1386 dubitat
1266 1351 1399 1382 exar-

100 1424 200 1493 fiffie
232 1441 336 1478 eos,
360 1438 503 1487 quum
535 1428 553 1461 3
586 1415 695 1486 plus
729 1416 1019 1462 ducentorum
1053 1419 1271 1454 annorum
1303 1418 1403 1448 mo-

115 1510 210 1541 rem
240 1488 525 1555 solveremus
557 1486 582 1535 ?
609 1481 898 1552 pertulerunt
932 1491 1084 1525 tamen
1119 1473 1234 1520 bunc
1272 1466 1402 1516 dolo-

113 1577 233 1609 rem.
277 1554 455 1605 Bellum
494 1553 632 1617 nostro
668 1550 844 1599 nomine
882 1561 983 1593 cum
1025 1537 1232 1605 Pelignis
1268 1535 1404 1602 geffi-

121 1643 240 1676 mus.
272 1624 356 1690 qui
389 1639 443 1671 ne
476 1621 719 1685 nostrorum
755 1615 938 1682 quidem
957 1608 1128 1676 finium
1159 1604 1287 1653 nobis
1317 1616 1409 1670 per

123 1712 202 1742 nos
227 1691 490 1740 tuendorum
510 1694 590 1748 jus
615 1701 748 1736 antea
781 1683 947 1730 dabant
965 1711 980 1733 ,
1004 1671 1124 1723 nihil
1153 1668 1407 1735 interceffe-

123 1775 247 1809 runt.
275 1759 499 1806 Sidicinos
522 1757 572 1804 in
588 1753 732 1821 fidem
756 1762 954 1816 receptos
973 1778 988 1800 ,
1011 1748 1261 1806 Campanos
1284 1740 1339 1785 ab
1352 1738 1406 1800 se

126 1828 184 1878 ad
201 1843 278 1875 nos
297 1823 471 1891 defcz‘ffi:
484 1858 501 1881 ,
526 1821 748 1872 exercitus
765 1835 843 1867 nos
852 1827 1020 1883 parare
1043 1809 1265 1862 adversus
1283 1809 1408 1854 Sam-

186 1959 201 1985 1
227 1946 268 1986 Si
283 1945 441 1996 societas
464 1941 624 1998 aquatio
642 1939 742 1988 iuris
792 1935 908 1976 nobis
931 1929 1190 1973 Gronoviana
1221 1923 1409 1965 emenda-2

127 1999 207 2056 est]
231 2000 339 2039 Falsa
369 1996 545 2037 definitio
575 1996 738 2034 societa-
794 1993 852 2030 tio
874 2000 953 2027 non
975 1986 1139 2025 omnino
1159 1980 1313 2023 videtur
1335 1975 1416 2019 effe

127 2059 190 2097 tis.
222 2053 341 2094 Multi
355 2054 460 2092 enirn
479 2047 650 2090 obnoxia
670 2059 740 2100 pa·
797 2038 1021 2084 necessaria.

79 2139 81 2141 -
129 2124 171 2150 ce
202 2112 242 2149 &
269 2108 411 2161 impari
445 2104 591 2144 foedere
620 2104 659 2141 iu
684 2102 745 2140 so·
854 2110 874 2134 2
900 2092 1014 2133 Bellis
1029 2089 1186 2148 propriis
1200 2085 1412 2143 ponendis]

129 2166 311 2204 cietatem
332 2160 555 2201 veniebant.
584 2162 743 2196 Grono-
800 2147 1091 2202 componendis
1118 2173 1131 2193 ,
1168 2156 1260 2195 pace
1298 2153 1413 2179 com-

130 2220 216 2259 vius
232 2216 443 2268 suspicatur
457 2215 612 2253 Livium
629 2210 747 2261 scrip-
801 2201 1013 2246 mutandis.
1045 2200 1125 2245 Qui
1150 2200 1252 2235 enim
1277 2208 1419 2247 pacem

132 2268 215 2310 fiffe
233 2268 289 2320 ,fi
309 2268 467 2321 societas
489 2297 498 2315 ,
521 2279 565 2306 ea
583 2277 745 2316 nempe,
803 2257 911 2299 haud
949 2255 1167 2295 obnoxiam
1206 2251 1311 2301 cupit
1342 2276 1354 2296 ‚
1386 2254 1417 2285 is

135 2338 222 2378 quae
256 2322 309 2362 est
344 2327 549 2362 Romanos
580 2321 677 2357 inter
709 2318 749 2355 &
805 2312 954 2352 viribus
974 2311 1019 2347 iis
1038 2306 1239 2345 instruRus
1255 2298 1328 2341 effe
1348 2302 1418 2340 de-

135 2381 300 2418 Latinos
327 2405 340 2424 ,
380 2375 518 2429 aequati
555 2372 649 2421 iuris
690 2368 752 2422 est.
809 2368 874 2406 bet
900 2393 912 2413 ,
942 2362 1083 2416 quibus
1116 2358 1267 2398 benum
1307 2354 1425 2409 poffit.

142 2435 335 2472 Attamen
360 2441 482 2482 quum
505 2427 633 2467 Livius
661 2425 755 2475 saepe
812 2432 955 2474 gerefe.

136 2488 179 2524 in
205 2485 453 2523 mationibus
475 2510 486 2529 ‚
522 2493 606 2519 non
641 2489 722 2517 tam
743 2504 755 2524 ‚
871 2487 885 2520 3
922 2469 1013 2509 Plus
1040 2466 1282 2507 ducentorum
1305 2475 1430 2501 anno„

142 2538 240 2592 quid
263 2550 400 2577 vetum
428 2534 472 2574 fit
486 2564 497 2583 ,
519 2533 640 2587 quom
664 2529 763 2584 quid<
814 2532 929 2576 rum]
957 2525 993 2563 Si
1010 2521 1033 2560 εὶ
1049 2519 1277 2571 Tarquinio
1289 2521 1435 2568 Super-e·-

143 2592 196 2632 ad
233 2592 462 2645 praesentem
499 2587 656 2628 causam
696 2597 762 2624 ac·
818 2582 873 2620 bo
901 2588 1077 2617 numeres
1105 2602 1120 2622 ,
1150 2584 1230 2610 non
1257 2567 1432 2610 mulssim

143 2644 451 2688 commodatum
482 2671 501 2697 2.
535 2644 732 2682 incusatus
752 2665 766 2690 ,
823 2633 1035 2677 &ducentis
1051 2628 1160 2669 annis
1178 2624 1414 2683 teqabiexit,

1119 2680 1170 2733 G.
1191 2694 1246 2747 VJ
