1680 3110
295 103 425 237 <410
551 138 891 207 INDEX
948 129 1336 194 RERUM.

354 231 453 288 petit
483 240 527 268 ut
560 229 627 268 sibi
663 226 849 263 mittatur
887 214 1092 256 succeffor.
1129 216 1303 255 vincitur
1328 212 1352 252 a
1381 208 1510 250 Poenis
1538 209 1583 248 δίε

353 288 524 338 capitur.
545 280 714 320 mittitur
735 280 857 314 Rom.
875 271 896 310 ἐι
918 267 1309 321 Carthaginiensibus
1326 293 1338 312 ,
1360 277 1402 304 ut
1419 264 1466 303 de
1488 274 1585 316 pace

354 343 419 379 vel
445 337 491 375 de
514 330 813 374 commutandis
838 326 1006 379 captivis
1027 334 1172 376 ageret.
1201 325 1426 370 Utrumque
1443 328 1589 369 negan-

356 396 398 433 di
421 418 432 437 ,
460 388 610 428 senatui
634 384 688 425 est
715 384 866 422 auclor.
897 379 998 418 redit
1025 377 1165 418 Carth.
1194 374 1431 429 supplicium
1462 371 1508 410 de
1538 381 1588 408 eo

360 446 543 485 sumitur.
569 442 683 495 perit.
716 438 818 493 Epit.
841 436 989 474 XVIII.

308 502 432 542 Atina
454 499 548 537 urbs
567 528 577 545 ‚
602 494 756 546 capitur
780 490 802 529 ὲ
827 493 949 529 Rom.
973 489 1044 526 IX.
1074 486 1140 526 28.

309 555 537 597 Atinatium
561 561 652 602 ager
670 574 682 593 ,
710 550 758 585 X.
781 557 844 592 39.

312 607 520 649 Ti.Atinii
541 603 743 644 somnium
762 624 774 643 ,
798 600 850 636 11.
873 604 936 645 36.

314 662 534 703 Atratinus,
557 656 653 699 Vid.
685 651 956 706 Sempronius·

316 719 415 768 Atys
433 728 501 755 rex
521 712 631 753 Albae
646 736 658 756 ‚
682 711 713 747 ἶ.
739 724 772 755 3·

316 771 508 812 Auctores
527 765 553 805 fi
572 770 701 804 Patres
724 759 863 799 fierent
882 788 893 806 ‚
916 756 972 795 ita
997 754 1159 793 demum
1182 759 1313 788 ratum
1331 757 1415 786 erat
1431 744 1472 784 id
1490 741 1599 798 quod

370 822 541 877 populus
558 813 786 858 decreviffet
800 840 812 861 ‚
830 816 862 852 I.
885 827 949 859 ¹7·
970 808 1068 848 Vid.
1095 810 1274 844 Senatus.

319 879 542 920 Aventinus
566 885 633 913 rex
663 870 801 914 Albae,
829 866 998 905 fulmine
1023 862 1120 900 inus
1136 886 1147 905 ,
1169 861 1200 899 I.
1225 870 1258 905 3.

321 933 547 978 Aventinus
577 939 693 966 mons
711 955 722 972 ,
749 927 779 962 1.
806 929 845 961 6.
871 919 959 958 urbi
988 914 1144 954 additus
1163 913 1249 960 ‚-&
1279 910 1393 949 datus
1422 904 1574 947 Latinis
1591 930 1606 952 ‚

380 999 446 1035 33.
473 995 596 1023 coetus
625 980 841 1020 nocturnos
870 972 966 1011 facit
995 968 1103 1022 plebs
1131 969 1173 1005 in
1207 965 1408 1004 Aventino
1439 971 1609 1005 monte,

379 1045 434 1080 11.
450 1041 515 1077 28.
529 1049 620 1077 eum
637 1031 782 1073 insedit
796 1028 988 1069 exercitus
1001 1028 1120 1066 Rom.
1137 1019 1279 1060 relictis
1295 1017 1444 1066 castris,
1460 1016 1527 1054 111.
1546 1024 1611 1064 5⁰·

325 1095 429 1137 Aves
448 1092 587 1132 aestivae
608 1116 620 1136 ‚
645 1092 696 1127 V.
722 1095 757 1125 6.

328 1148 478 1189 Avibus
515 1140 817 1185 admittentibus
840 1167 853 1188 ,
882 1133 1037 1187 iignum
1076 1139 1220 1183 pugnae
1256 1123 1426 1172 datum,
1445 1124 1519 1162 1v.
1545 1120 1612 1163 18.

380 1201 476 1242 Vni.
502 1198 753 1250 Auspicium.

332 1253 533 1296 Aufidena
561 1254 598 1291 vi
621 1262 759 1302 capta,
785 1250 833 1285 X.
868 1257 930 1283 12.

333 1315 472 1363 Augur
496 1304 668 1347 consulit
691 1308 795 1342 Deos
815 1299 861 1337 de
881 1300 1018 1335 Numa
1036 1324 1047 1342 ‚
1064 1295 1096 1334 I.
1128 1292 1189 1330 18.

334 1366 513 1415 Augures
539 1362 562 1400 Ξι
588 1356 723 1399 Numa
750 1352 946 1400 instituti,
970 1349 1011 1387 id
1035 1347 1088 1385 est
1113 1346 1152 1383 in
1178 1339 1390 1392 collegium
1412 1333 1617 1376 contribu-

387 1420 418 1456 ti
436 1444 447 1463 ‚
470 1420 539 1458 IV.
560 1431 599 1464 4.
617 1411 666 1451 de
685 1410 875 1461 religione
895 1436 907 1457 ,
927 1417 1013 1456 quae
1038 1397 1266 1440 morabatur
1291 1390 1492 1431 dictatoris
1515 1400 1622 1427 crea·

393 1473 546 1511 tionem
579 1494 590 1513 ,
625 1464 887 1506 consuluntur
915 1485 928 1505 ,
966 1471 1030 1505 31.
1056 1451 1247 1492 vitiosum
1276 1447 1511 1487 dictatorem
1543 1438 1619 1480 effe

391 1523 657 1579 pronuntiant
676 1552 687 1569 ‚
710 1519 826 1557 VIII.
853 1527 915 1561 23·
936 1523 1019 1550 tres
1050 1508 1168 1547 initio
1193 1502 1303 1542 fuere
1319 1527 1332 1548 ,
1359 1503 1408 1539 X.
1437 1508 1474 1538 6.
1499 1496 1620 1550 quin-

396 1592 473 1632 que
497 1577 544 1615 de
568 1575 680 1628 plebe
705 1569 853 1616 creati,
877 1572 923 1607 X.
949 1582 989 1616 9.

343 1633 515 1687 Augurii
544 1626 730 1681 capiendi
754 1626 849 1663 titus
867 1624 928 1667 ,1.
954 1626 1015 1659 16.

346 1687 572 1740 Augurium
602 1696 649 1722 ex
677 1680 788 1720 corvi
811 1686 979 1716 occentu
995 1699 1007 1719 ,
1023 1675 1074 1714 X.
1095 1681 1162 1717 40.

346 1741 535 1795 Auguriis
561 1751 608 1778 ex
631 1736 739 1776 Accii
757 1730 884 1772 Navii
906 1728 1012 1768 facio
1035 1732 1204 1777 magnus
1226 1713 1377 1758 accedit
1408 1712 1539 1753 honor
1556 1736 1570 1757 ‚
1593 1709 1631 1752 1.

433 1804 472 1835 6.

352 1813 519 1904 Au3gusti
553 1842 805 1901 imperatoris
833 1848 1012 1890 tempore
1043 1837 1164 1874 sanus
1195 1824 1346 1867 clausus
1373 1819 1476 1866 fuit,
1503 1820 1535 1858 1.
1569 1830 1634 1863 19.

403 1902 601 1957 Augustus
627 1897 874 1950 templorum
899 1890 1084 1932 omniurn
1111 1883 1296 1926 conditor
1319 1877 1396 1918 fuit
1413 1903 1425 1924 ,
1444 1884 1511 1915 aut
1532 1870 1635 1912 resti·

411 1971 546 2003 tutor,
576 1959 647 1995 lV.
671 1967 735 1993 20.

357 2012 517 2053 Aulerci
543 2022 640 2063 pop.
662 2012 713 2047 V.
739 2015 799 2053 34.

361 2072 418 2115 Q.
443 2065 584 2105 Aulius
613 2067 849 2101 Cerretanus
877 2051 958 2094 cos.
987 2059 1163 2093 creatus,
1186 2044 1299 2084 V111.
1332 2053 1395 2089 37.
1424 2031 1638 2076 secundum

414 2121 494 2160 cos.
522 2121 593 2158 IX.
619 2120 679 2164 ἀς.
707 2125 799 2155 cum
826 2106 1049 2148 Ferentanis
1079 2114 1160 2141 uno
1192 2097 1328 2152 praelio
1354 2091 1554 2136 debellat,
1577 2095 1638 2126 16.

419 2171 604 2227 magister
621 2170 801 2222 equitum
815 2190 829 2210 ,
845 2159 991 2201 occidit
1009 2159 1294 2210 imperatorem
1312 2146 1553 2189 Samnitium
1570 2169 1582 2188 ,
1602 2143 1644 2182 δε

423 2229 686 2268 obtruncatur
702 2251 713 2269 ,
737 2225 809 2263 IX.
833 2231 894 2262 ιι.
921 2257 924 2261 ,
1508 2218 1513 2231 ι
1604 2234 1607 2236 ,

370 2284 473 2326 Auri
498 2279 607 2320 mille
637 2274 773 2332 pondo
800 2271 970 2324 pretium
994 2263 1131 2319 populi
1156 2265 1278 2301 Rom.
1306 2256 1455 2297 facium
1472 2278 1484 2297 ‚
1503 2255 1555 2290 V.
1577 2250 1660 2296 483.

422 2348 566 2377 aurum
593 2331 703 2386 quod
734 2326 854 2367 Gallis
880 2333 1060 2375 ereptum
1087 2329 1197 2364 erat,
1217 2314 1287 2354 sub
1296 2312 1418 2365 Jo‘vis
1434 2304 1530 2347 sella
1550 2302 1662 2356 ponii

423 2388 573 2445 {uisum
592 2418 603 2436 ‚
631 2399 694 2436 50.

374 2448 476 2488 Auri
501 2456 546 2483 ex
573 2438 733 2480 Gallicis
770 2433 904 2487 spoliis
933 2439 1127 2481 magnum
1153 2419 1310 2477 pondus
1338 2417 1431 2457 saxo
1457 2410 1655 2466 quadrato

428 2501 583 2554 septum
599 2496 641 2535 in
653 2489 853 2545 Capitolio
870 2488 992 2526 sacrat
1006 2488 1050 2522 C.
1067 2479 1259 2532 Sulpicius
1274 2473 1444 2512 distator
1456 2495 1469 2515 ‚
1482 2468 1571 2506 VII.
1591 2479 1604 2501 ι
1619 2476 1657 2511 ς.

376 2556 491 2600 Auro
517 2554 556 2592 &
586 2559 752 2602 argento
775 2542 912 2584 caelata
943 2540 1076 2581 scuta,
1102 2537 1173 2574 IX.
1199 2545 1268 2578 40-
1292 2536 1431 2567 aurata
1447 2550 1459 2569 ‚
1478 2525 1527 2561 X.
1552 2531 1617 2566 39·
1644 2531 1650 2535 ¹*

374 2612 529 2650 Aureus
554 2602 718 2646 baculus
739 2609 894 2641 corneo
917 2591 1092 2635 inclusus
1117 2583 1282 2629 offertut
1306 2581 1330 2622 εὶ
1361 2584 1482 2620 Bruto
1506 2569 1664 2628 Apolli-

425 2664 467 2706 ni
486 2689 500 2712 ‚
521 2663 553 2700 1.
574 2665 639 2709 56.
