1680 3110
319 89 408 168 ‘96
704 84 1275 160 T.L1vr.1‚

111 176 299 223 (Le-39⁷·
319 172 439 223 stem
455 209 469 234 ‚
493 186 641 238 quem
665 183 859 237 tempus
883 169 1177 221 deteriorem
1203 168 1360 222 indies
1389 168 1436 219 δε
1456 166 1603 220 Iocus

111 225 300 271 “0'3‘5·
319 239 507 290 alienus
531 236 719 287 faceret
736 235 870 298 ,sine
891 251 1155 304 praeparato
1177 251 1481 297 commeatu,
1502 235 1601 286 fine

315 306 459 356 firmo
491 303 802 364 munimento
838 316 1142 360 morantem,
1176 303 1235 354 ad
1269 303 1367 354 hoc
1400 302 1459 352 iis
1495 301 1595 353 ani·

313 372 407 423 mis
432 370 824 439 corporibusque
844 409 857 430 ,
888 388 1104 439 quorum
1134 369 1293 420 omnis
1325 371 1374 420 in
1406 371 1600 437 impetu
1629 364 1633 366 ’

312 441 390 491 vis
416 436 532 488 esset
554 477 569 500 ,
598 436 746 506 parva
771 437 940 488 eadem
960 437 1295 504 languesceret
1318 436 1468 487 mora.
1502 435 1597 487 His

313 504 528 555 consiliis
550 505 762 556 dictator
785 503 969 555 bellum
1001 503 1229 555 trahebat
1247 542 1261 565 ,
1329 520 1596 570 ravemque

312 572 535 623 edixerat
557 589 760 641 poenam
778 611 793 634 ,
827 570 860 621 si
884 571 996 640 quis
1020 569 1193 637 injussu
1218 572 1268 621 in
1293 519 1480 621 {ostem
1504 588 1597 638 pu-

144 658 296 701 rngrata
315 638 514 707 gnaffet.
554 638 741 690 Milites
774 654 896 706 aegre
931 638 982 687 id
1015 639 1257 704 patientes
1287 675 1302 698 ,
1346 636 1507 706 primo
1541 637 1596 688 in

103 705 284 744 munibus·
315 705 604 759 stationibus
632 705 910 774 vigiliisque
945 704 1071 754 inter
1100 706 1146 754 se
1174 705 1465 756 dictatorem
1493 705 1597 755 ser-

315 773 550 825 monibus
578 790 777 841 carpere
801 810 815 831 ‚
846 770 1094 822 interdum
1124 773 1293 823 Patres
1323 770 1597 823 communi-

318 856 395 892 ter
418 841 669 910 increpare
687 876 699 897 ‚
724 838 864 909 quod
886 856 985 889 non
1006 837 1234 905 jufflffent
1254 857 1340 908 per
1369 837 1598 890 consules

315 910 425 977 geri
446 907 646 958 bellum.
679 907 886 956 Elec'ium
909 907 984 973 effe
1008 908 1223 956 eximium
1246 910 1593 974 imperatorem,

317 979 505 1026 unicum
529 978 683 1025 ducem
701 1010 716 1031 ,
754 977 836 1040 qui
861 972 982 1022 nihil
1004 976 1163 1039 agenti
1172 974 1269 1041 fibi
1293 978 1346 1023 de
1375 972 1482 1022 coelo
1515 975 1594 1022 de-

316 1043 581 1092 volaturam
619 1045 669 1091 in
694 1042 845 1107 finum
882 1041 1130 1089 vifforiam
1168 1043 1357 1105 censeat.
1413 1039 1594 1091 Eadem

314 1109 495 1160 deinde
517 1109 617 1159 haec
641 1106 853 1159 interdiu
878 1106 1149 1175 propalam,
1173 1124 1228 1158 ac
1250 1106 1493 1158 ferociora
1514 1107 1595 1158 his

311 1176 525 1241 jaeiare5
538 1178 589 1241 se
627 1175 788 1242 injuffu
822 1177 1111 1242 imperatoris
1146 1191 1225 1223 aut
1261 1177 1559 1223 dimicaturos
1575 1186 1597 1230 ,·

312 1261 396 1294 aut
424 1246 612 1311 agmine
640 1249 824 1291 Romam
857 1244 1018 1290 ituros.
1055 1240 1426 1308 Immiscerique
1465 1239 1596 1290 rnili-

313 1311 451 1362 tibus
479 1308 793 1360 centuriones
813 1324 824 1356 :
844 1324 936 1359 nec
967 1314 982 1339 ¹
1010 1306 1059 1356 in
1087 1306 1289 1358 circulis
1318 1307 1468 1357 mocio
1502 1307 1600 1359 fre·
1626 1317 1629 1320 ’

313 1395 448 1429 mere
469 1416 484 1438 ,
509 1376 589 1426 sed
609 1375 704 1438 jam
740 1384 759 1408 2
796 1373 845 1423 in
872 1373 1126 1443 principiis
1159 1392 1213 1425 ac
1243 1384 1259 1416 3
1289 1375 1513 1443 praetorio
1542 1374 1595 1425 in

312 1448 469 1497 unum
505 1446 745 1495 sermones
773 1440 1016 1491 confundi
1038 1463 1052 1501 3
1077 1455 1226 1510 atque
1257 1442 1306 1492 in
1335 1443 1596 1493 concionis
1668 1477 1671 1480 «

275 1574 277 1576 ¹
313 1506 704 1580 magnitudinem
726 1509 949 1559 crescere
967 1507 1139 1569 turba,
1175 1512 1225 1559 δε
1246 1507 1508 1559 vociferari
1531 1525 1594 1560 ex

316 1576 544 1632 omnibus
569 1572 694 1624 locis
714 1612 728 1634 ,
753 1588 808 1624 ut
831 1573 1078 1642 extemplo
1101 1574 1160 1626 ad
1183 1573 1475 1626 distatorem
1499 1574 1596 1625 ire·-

311 1655 395 1692 tur
415 1680 427 1702 ‚
460 1644 608 1693 verba
633 1658 721 1708 pro
753 1641 974 1691 exercitu
1006 1641 1194 1692 faceret
1225 1646 1336 1694 Sex,
1365 1641 1594 1705 Tullius3

305 1724 366 1761 ut
389 1708 572 1759 virtute
595 1723 700 1773 ejus
724 1707 929 1775 dignum
956 1706 1087 1759 esset.

375 1779 511 1825 XIII.
536 1788 549 1811 ¹
579 1774 852 1843 Septimum
873 1775 1085 1844 primum
1104 1773 1259 1842 pilum
1280 1773 1375 1841 jam
1396 1774 1590 1827 Tullius

307 1840 554 1906 ducebat,
576 1858 738 1911 neque
771 1857 876 1896 erat
909 1843 960 1895 in
986 1842 1209 1893 exercitu
1231 1880 1246 1903 ‚
1270 1842 1359 1911 qui
1387 1842 1591 1913 quidem

371 2019 386 2046 1
422 2007 472 2044 In
491 2005 669 2058 circulis]
690 2009 736 2045 In
754 2007 921 2047 coetibus

313 2061 487 2100 militum
507 2061 642 2112 paffim
661 2064 758 2100 inter
781 2063 817 2100 se
833 2062 920 2101 col-

311 2114 575 2167 loquentium.

369 2182 390 2205 2.
413 2173 460 2206 In
477 2169 698 2223 principiis]
731 2169 923 2221 Principia

310 2222 421 2262 locus
452 2235 560 2260 erant
594 2227 633 2260 in
664 2220 824 2270 castris,
851 2222 920 2261 ubi

306 2279 538 2330 praetorium
551 2305 563 2324 ,
582 2278 620 2315 ὃς
634 2278 920 2328 praecipuorum

307 2330 456 2369 ducum
484 2358 497 2377 ,
534 2342 625 2382 puta
662 2331 917 2381 legatorum,

311 2385 565 2423 tribunorum
594 2386 786 2431 tentoria,
807 2385 847 2422 ὃ(
874 2381 918 2420 si-

309 2451 389 2490 gna
409 2437 597 2477 militaria
616 2435 691 2475 fixa
709 2450 834 2475 erant.
858 2436 918 2474 Ibi

308 2490 517 2531 confilium
543 2491 714 2530 militare
741 2490 918 2528 habeba-

312 2557 375 2583 tur
397 2574 408 2594 ,
442 2559 558 2597 atque
596 2546 714 2583 etiam
752 2543 920 2582 interdiu

311 2598 392 2639 fore
415 2598 600 2653 potiffimi
621 2598 762 2639 ducum
793 2600 918 2652 impe·

975 2007 1034 2046 ria
1064 2006 1347 2060 exspeaabant.

1034 2074 1049 2108 3
1076 2062 1279 2109 Praetorio]
1302 2058 1518 2097 Praetorium
1535 2058 1587 2097 cst

973 2115 1272 2154 tabernaculum
1309 2114 1557 2164 imperatoris
1573 2141 1587 2159 ,

974 2171 1044 2221 qui
1073 2167 1173 2206 olim
1206 2177 1338 2221 praetor
1366 2165 1585 2204 dicebatur.

977 2221 1053 2260 Hic
1078 2234 1159 2260 non
1190 2221 1317 2272 ipsum
1350 2219 1586 2257 tabernacu-

976 2275 1061 2313 lum
1087 2273 1384 2326 intelligendum
1406 2271 1587 2322 videtur,

975 2328 1039 2367 sed
1067 2331 1287 2380 propinqua
1311 2329 1346 2365 ei
1373 2325 1476 2364 loca.

1033 2393 1046 2419 1
1089 2384 1295 2434 Septimum
1332 2380 1494 2434 primum
1528 2377 1589 2432 pi·

974 2434 1084 2484 lum]
1120 2440 1229 2474 Tunc
1260 2436 1342 2486 jam
1373 2430 1583 2484 septimum

974 2488 1167 2542 primipiii
1192 2489 1367 2527 centurio
1394 2497 1489 2525 erat.
1525 2489 1586 2524 De

975 2542 1167 2595 primipili
1226 2543 1450 2580 centurione
1501 2538 1583 2578 vid.

978 2610 1062 2637 uot-
1095 2607 1130 2646 5.
1157 2594 1207 2636 acl
1233 2608 1268 2636 c.
1298 2606 1363 2642 27.
1395 2593 1422 2630 1.
1451 2593 1501 2629 11.

1349 2642 1584 2713 pedestria
