1680 3110
301 139 430 214 '320
704 132 783 195 T.
863 134 912 194 L
957 154 979 195 1
1010 156 1060 196 v
1104 155 1127 197 1
1177 141 1211 197 f

91 236 281 280 {Le-452.
307 214 388 265 sed
410 213 507 282 ipsa
529 214 686 280 capita
711 213 867 282 plebis
889 249 903 275 ·‚
930 215 1204 269 consulares
1234 217 1577 288 triumphales-

91 285 178 322 a.c.
195 295 286 329 300.
307 298 407 349 que
433 280 683 349 plebeios:
702 298 915 348 quorum
938 281 1209 334 honoribus
1232 283 1382 346 nihil,
1405 300 1576 353 praeter

305 346 576 400 sacerdotia
592 384 610 407 ,
638 363 746 413 quae
770 347 990 400 nondum
1011 350 1282 416 promiscua
1305 366 1472 413 erant,
1494 350 1578 402 de·-

302 412 439 465 .effet.
494 415 821 479 Rogationem
860 429 979 481 ergo
1023 416 1395 483 promulgarunt
1424 455 1442 478 ‚
1482 433 1578 479 ut,

309 485 474 547 quum
495 494 710 547 quatuor
740 497 949 548 augures
968 520 984 545 ‚
1008 496 1222 550 quatuor
1247 483 1502 552 pontifices
1523 483 1582 534 ea.

310 545 596 613 tempestate
619 545 797 610 effent,
823 546 1137 618 placeretque
1153 551 1333 624 'augeri
1361 549 1583 601 sacerdo-

303 626 422 664 tum
456 630 714 664 numerum
737 654 752 675 ‚
783 630 996 683 quatuor
1026 632 1283 684 ponttnces
1304 655 1321 678 ‚
1360 618 1585 685 quinque

309 695 553 748 augureS,
571 680 632 731 de
688 680 797 732 lebe
818 696 987 732 ornnes
1011 682 1365 750 adlegerentur.
1393 688 1589 749 Quem-

311 747 580 799 admodum
605 700 684 798 adp
687 762 903 816 quatuor
924 763 1166 815 augurum
1189 768 1445 801 numerum
1463 788 1477 811 ,
1501 748 1588 800 nifi

311 828 477 865 morte
506 814 720 867 duorum
738 854 755 877 ‚
781 815 830 865 id
860 815 1014 883 redigi
1043 816 1308 884 collegium
1338 816 1588 886 potuerit,

314 897 421 931 non
459 880 659 933 invenio
699 900 711 932 :
755 900 911 951 quum
949 884 1075 933 inter
1113 900 1321 951 augures
1365 883 1590 945 constet,

318 958 337 984 1
365 947 600 1017 imparem
622 966 881 1000 numerum
905 948 1081 1000 debere
1105 949 1197 1001 effe
1212 990 1228 1012 ‚
1251 965 1307 1001 ut
1334 965 1431 1001 tres
1459 951 1590 1001 anti-

318 1032 429 1082 quae
445 1015 601 1066 tribus
617 1054 633 1079 ‚
653 1018 858 1066 Ramnes
874 1057 889 1078 ,
907 1017 1143 1067 Titienses
1157 1057 1172 1078 ,
1199 1022 1410 1068 Luceres
1423 1058 1435 1076 ,
1451 1018 1592 1068 suum

318 1099 530 1150 quaeque
561 1097 798 1149 augurem
823 1083 1065 1146 habeant3
1089 1099 1174 1135 aut
1194 1123 1209 1144 ‚
1231 1083 1263 1134 fi
1290 1083 1513 1154 pluribus
1536 1083 1593 1134 fit

319 1167 354 1199 o
394 1166 450 1199 ns
471 1188 486 1211 ‚
521 1150 623 1218 pari
654 1149 782 1201 inter
813 1152 858 1200 se
883 1168 1090 1201 numero
1117 1151 1390 1203 sacerdotes
1421 1150 1595 1201 multi-

321 1167 511 1283 pllcent
531 1234 542 1266 t
564 1215 686 1267 ficut
716 1217 1027 1285 multiplicati
1055 1220 1194 1280 sunt,
1215 1236 1370 1287 quum
1391 1218 1458 1269 ad.
1473 1235 1595 1285 qua-

321 1297 440 1333 tuor
464 1283 685 1351 quinque
707 1284 880 1349 adjee'ci
903 1301 1082 1335 novem
1103 1302 1360 1336 numerum
1381 1323 1396 1345 ‚
1419 1300 1476 1334 ut
1498 1300 1598 1334 ter-

322 1350 376 1401 ni
408 1349 457 1400 in
488 1349 698 1417 fingulas
732 1350 912 1413 effent‚
945 1351 1282 1421 expleverunt.
1324 1351 1600 1413 Ceterum,

326 1416 445 1484 quia
483 1416 545 1466 de
580 1415 722 1484 plebe
759 1417 1109 1486 adlegebantur
1135 1456 1150 1480 ‚
1180 1418 1316 1484 juxta
1355 1436 1460 1469 eam
1495 1435 1599 1469 rem

326 1499 452 1551 aegre
475 1483 587 1552 paffi
608 1485 803 1545 Patres,
824 1486 972 1553 quam
992 1504 1147 1554 quum
1167 1484 1474 1536 consulatum
1493 1484 1601 1537 vul-

326 1550 434 1618 gari
465 1549 692 1602 viderent
718 1591 734 1613 ,
773 1551 1056 1603 simulabant
1083 1553 1143 1604 ad
1173 1553 1292 1603 deos
1329 1553 1380 1604 id
1412 1552 1563 1620 magis
1582 1590 1599 1612 ,

328 1615 483 1684 qufirn
512 1616 572 1668 ad
604 1619 652 1668 se
681 1620 960 1687 pertinere:
992 1623 1108 1688 ipsbs
1140 1622 1350 1684 vificros,
1384 1638 1437 1669 ne
1463 1624 1601 1685 sacra

318 1687 410 1750 fita
439 1683 725 1751 polluantur.
760 1689 811 1737 id
827 1690 879 1752 se
908 1702 1059 1754 optare
1088 1686 1265 1736 tanthm
1291 1722 1306 1742 ,
1344 1705 1398 1736 ne
1429 1706 1518 1754 qua
1550 1688 1602 1735 in

325 1750 661 1818 rempublicam
684 1753 836 1803 clades
857 1756 1053 1804 νεικέων(
1074 1752 1238 1804 Minus
1261 1767 1425 1803 autem
1445 1767 1605 1803 teten-

327 1816 450 1868 dere
467 1855 483 1878 ‚
508 1815 675 1868 affueti
702 1819 796 1886 jam
831 1819 913 1871 tali
944 1836 1122 1887 genere
1149 1820 1466 1873 certaminum
1493 1820 1607 1871 vin-

331 1884 398 1934 ci.
424 1888 478 1935 δε
501 1885 770 1937 cernebant
786 1886 1113 1949 adversarios,
1137 1904 1236 1938 non
1257 1886 1308 1936 id
1367 1886 1466 1937 uod
1488 1886 1606 1937 olim

334 1951 420 2002 vix
438 1952 752 2021 speraverint
778 1952 1053 2005 affestantes
1076 1991 1090 2014 ,
1127 1905 1606 2021 magnosqhonore53

336 2018 420 2071 sed
448 2019 611 2070 omnia
634 2019 730 2088 jam
748 2059 763 2084 ,
794 2023 844 2072 in
878 2038 1090 2091 quorum
1119 2024 1251 2091 spem
1282 2019 1479 2072 dubiam
1506 2033 1610 2072 erat

392 2224 409 2247 π
473 2211 663 2263 Imparem
726 2214 948 2255 numerum]

335 2265 491 2314 Nempe
533 2262 749 2300 ternarium
778 2289 789 2307 ,
826 2263 888 2301 vel
928 2261 948 2301 ὲ

331 2318 512 2355 ternario
534 2315 693 2354 fastum.
730 2319 821 2352 Haec
844 2316 949 2353 enim

339 2368 393 2409 est
419 2372 514 2408 Livii
543 2382 675 2416 mens,
695 2380 776 2406 non
805 2368 862 2407 sat
886 2382 950 2407 ac-

339 2422 471 2463 curate
512 2420 672 2461 fortaffe
705 2422 756 2459 ab
794 2423 949 2461 auetore

339 2477 544 2529 explicata.
586 2473 744 2515 Constat
774 2486 847 2514 tres
876 2473 949 2515 esse

339 2529 472 2582 primo
504 2530 643 2568 debere
671 2541 832 2581 augures
860 2558 871 2576 ‚
909 2542 950 2568 ut

339 2587 453 2622 suum
482 2597 642 2638 qumque
677 2595 751 2621 tres
782 2585 950 2635 antiqua:

341 2638 465 2678 tribus
488 2650 677 2691 augurem
705 2635 903 2679 habeant:
925 2636 950 2676 fi

1001 2207 1177 2261 pluribus
1208 2208 1253 2249 fit
1284 2223 1404 2263 opus,
1433 2210 1613 2251 sacerdo·

1002 2275 1085 2301 tum
1103 2292 1115 2311 ,
1134 2266 1160 2301 i.
1190 2277 1223 2302 e.
1251 2277 1443 2317 augurum
1470 2271 1609 2303 nume-

1003 2329 1091 2354 rum
1112 2319 1165 2354 ita
1185 2317 1323 2357 debere
1340 2317 1549 2369 ampliari,
1570 2330 1612 2357 ut

1002 2383 1073 2421 par
1092 2368 1136 2408 fit
1155 2383 1350 2422 augurum
1372 2384 1555 2409 numerus
1572 2373 1611 2410 in
1657 2378 1660 2381 “

1004 2436 1234 2476 unaquaque
1252 2428 1503 2477 antiquarum
1519 2424 1610 2463 illa-

1002 2490 1091 2515 rum
1118 2478 1308 2516 tribuum.
1353 2477 1462 2517 Unde
1494 2478 1612 2516 colli—

1005 2532 1108 2582 gitur
1125 2530 1221 2568 illud
1240 2531 1451 2583 collegium
1470 2531 1518 2569 ad
1538 2545 1610 2569 nu·

1006 2597 1159 2621 merum
1189 2597 1346 2637 quaeum·
1383 2586 1500 2636 redigi
1531 2598 1610 2622 non

1005 2635 1257 2691 potuiffe,nis1
1278 2651 1406 2679 morte
1427 2639 1611 2678 duorum,
