1680 3110
318 172 451 257 5388
717 160 1212 225 T.L1v11

107 283 303 325 u,c‚459‚
391 254 565 305 XLVI.
594 248 750 300 Nives
777 246 873 311 ‘jam
907 240 1070 291 omnia
1104 237 1422 306 oppleverant
1447 273 1463 297 ‚
1504 244 1600 284 nec

108 333 299 384 είλιρῆ·
326 322 492 374 durari
515 331 650 367 extra
669 311 796 363 tecta
819 322 1013 380 poterat
1036 325 1048 356 ι
1079 306 1244 371 itaque
1263 303 1429 352 consul
1461 317 1600 351 exer-
1652 328 1660 332 ·

109 380 289 460 „ffissfim'
324 389 484 440 citum
521 384 581 433 de
621 379 818 433 Samnio
855 374 1076 431 deduxit,
1127 368 1359 422 Venienti
1398 371 1602 418 Romam

105 473 207 518 phas,
329 451 609 519 triumphus
625 446 845 499 omnium
861 442 1098 493 consensu
1118 438 1184 488 est
1207 436 1412 487 delatus.
1429 449 1601 484 trium-

325 519 503 592 phavit
523 518 571 567 in
600 512 877 582 magistratu
900 549 915 572 ,
943 505 1149 575 insigni,
1173 519 1229 555 ut
1248 502 1447 554 illorum
1479 515 1604 550 tem-

330 604 510 658 porum
543 584 743 634 habitus
769 592 872 629 erat
891 616 906 637 ‚
944 571 1212 640 triumpho,
1252 568 1447 622 Pedites
1470 564 1609 633 equi-

333 656 506 722 tesque
539 650 741 717 insignes
777 645 918 695 donis
955 652 972 676 ¹
1007 637 1230 691 transiere
1263 653 1319 687 ac
1353 629 1611 686 transvecti
1644 665 1650 677 .

331 723 476 775 sunt:
513 717 674 771 multae
694 726 713 750 2
743 712 911 764 civicae
934 723 1125 759 coronae
1143 743 1158 767 ,
1194 703 1490 769 vallaresque
1509 738 1522 761 ,
1553 713 1610 748 ac

334 786 548 841 murales
586 779 869 849 conspeftae.
919 772 1187 842 Inspestata
1239 769 1386 837 spolia
1425 764 1611 819 Samni-

336 857 466 908 tium
488 872 499 904 ε
538 855 591 904 &
617 851 798 901 decore
822 861 876 895 ac
898 839 1233 911 pulcritudine
1261 834 1471 905 paternis
1500 834 1615 901 spo·

335 924 417 979 liis
446 961 461 984 ,
504 936 609 988 quae
643 931 760 968 nota
795 908 1047 979 frequenti
1085 905 1398 976 publicorum
1433 913 1612 951 ornatu

336 991 568 1044 locorum
602 997 740 1042 erant
763 1020 777 1042 ‚
819 973 1243 1046 comparabantur.
1287 967 1497 1025 Nobiles
1529 965 1616 1015 ali-

340 1071 470 1126 quot
494 1052 692 1121 captivi,
711 1045 828 1100 clari
853 1045 946 1095 suis
965 1054 1260 1111 patrumque
1279 1035 1437 1093 factis,
1463 1031 1618 1087 ducii..

342 1134 364 1170 3
395 1123 521 1180 AEris
544 1118 704 1187 gravis
729 1110 996 1165 transvecta
1014 1107 1167 1161 vicies
1192 1103 1377 1157 centies
1409 1099 1584 1150 millies
1600 1135 1618 1159 ,

341 1193 396 1244 &
418 1190 688 1257 quingenta
709 1181 909 1248 triginta
927 1177 1017 1227 tria
1036 1173 1185 1225 millia
1203 1171 1281 1222 :id
1299 1186 1358 1220 aes
1374 1165 1622 1218 redactum

344 1275 409 1309 ex
433 1253 637 1323 captivis
660 1249 932 1301 dicebatur.
958 1253 982 1286 4
1008 1239 1228 1308 argenti,
1264 1234 1401 1305 quod
1424 1248 1624 1301 captum

348 1341 412 1377 ex
447 1320 652 1373 urbibus
689 1329 793 1366 erat
814 1352 829 1375 ‚
864 1308 1029 1379 pondo
1064 1312 1131 1357 M.
1155 1320 1358 1362 cccxxx.
1384 1316 1529 1354 omne
1563 1314 1626 1348 aes

349 1400 712 1457 argentumque
745 1382 795 1431 in
826 1378 1044 1434 aerarium
1076 1371 1349 1423 conditum.
1384 1365 1628 1422 Militibus

352 1455 479 1510 nihil
499 1454 668 1504 datum
699 1466 758 1500 ex
780 1445 936 1513 praeda
954 1442 1021 1493 est
1046 1461 1057 1491 ι
1088 1439 1324 1506 auctaque
1351 1451 1406 1484 ea
1440 1431 1627 1484 invidia

355 1524 425 1574 est
447 1522 506 1573 ad
529 1519 749 1589 plebem,
784 1510 923 1580 quod
943 1508 1183 1559 tributum
1203 1506 1350 1555 etiam
1370 1501 1419 1552 in
1453 1499 1630 1567 stipen-

358 1590 499 1645 dium
532 1585 746 1638 militum
777 1578 1015 1630 collatum
1049 1573 1117 1625 est
1152 1590 1164 1623 ε
1195 1588 1349 1640 quum
1370 1606 1386 1631 ‚
1423 1564 1456 1622 fi
1476 1567 1633 1636 spreta

421 1723 437 1749 π
476 1707 662 1760 Tranfiere
696 1719 739 1745 ac
771 1698 975 1754 transvec‘li
1026 1697 1225 1745 excurrit)
1252 1693 1327 1742 five
1352 1688 1446 1733 affes
1475 1687 1635 1734 librales

356 1765 446 1820 fi‘m
475 1771 492 1815 ]
546 1766 733 1802 Tranzere
783 1756 926 1810 pedites
958 1781 972 1801 ,
1030 1760 1368 1789 200000000000.
1391 1755 1545 1799 aequant
1565 1742 1634 1781 de-

364 1816 573 1872 transveHi
595 1815 684 1868 sunt
713 1815 871 1866 equites.
1029 1808 1161 1847 nai-ios
1217 1811 1527 1841 20000000000.
1587 1795 1637 1834 li-

428 1885 449 1910 2
486 1872 627 1913 Civica
654 1881 817 1913 coronae,
846 1859 977 1900 ‘valla-
1032 1861 1122 1898 bras
1202 1857 1355 1909 argenti
1438 1856 1639 1891 Romanas

367 1926 495 1981 resque
515 1955 526 1974 ‚
555 1938 598 1962 ac
623 1918 814 1969 murales]
843 1920 902 1956 De
922 1917 979 1954 ci·
1035 1924 1292 1951 200000000.
1314 1919 1465 1947 marcas
1489 1904 1640 1957 argenti

369 1985 458 2022 vica
485 1982 525 2019 ὅ(
549 1976 693 2017 murali
722 1984 869 2012 corona
898 1968 979 2017 vid,
1036 1965 1256 2006 Parifienses
1280 1969 1535 2011 312300000,
1567 1960 1643 1996 Ita·

372 2034 426 2073 ad
457 2038 528 2072 VI.
565 2044 642 2069 ιω.-
669 2026 875 2072 Vallaris,
909 2021 982 2061 five
1037 2035 1110 2074 que
1137 2022 1220 2058 haec
1251 2018 1395 2063 lectio,
1428 2025 1547 2065 quam
1579 2013 1642 2048 in-

371 2084 573 2140 Castrenfis
595 2095 676 2123 erat
701 2092 849 2121 corona
866 2106 877 2125 ‚
907 2075 984 2129 qufi
1036 2077 1140 2115 vexit
1172 2073 1348 2124 Sigonius
1372 2097 1384 2115 ,
1417 2067 1512 2104 stare
1538 2061 1645 2117 poffe

375 2140 554 2180 donabat
596 2149 686 2177 eurn
729 2138 942 2186 imperator
969 2158 983 2178 ‚
1039 2141 1119 2168 non
1147 2127 1312 2164 videtur.
1352 2122 1574 2161 Gronovius
1602 2128 1646 2156 ex

376 2197 447 2247 qui
481 2194 629 2246 primus
659 2188 830 2228 hostium
862 2183 985 2224 castra
1039 2181 1208 2233 vestigiis
1222 2175 1314 2217 Mff.
1332 2176 1508 2227 reponit:
1527 2171 1658 2210 ozris*

377 2260 555 2305 pugnans
581 2245 798 2295 introierat.
838 2243 890 2277 Ea
921 2251 987 2276 co·
1034 2236 1194 2288 gravis.
1209 2261 1219 2273 .
1236 2262 1244 2271 .
1262 2231 1380 2273 vicie,
1397 2237 1545 2265 centena
1558 2253 1570 2272 ‚
1592 2231 1645 2268 (φ
1664 2240 1666 2243 >

376 2315 478 2341 :rona
504 2298 647 2353 insigne
671 2296 770 2335 valli
799 2292 985 2331 habebat,
1041 2290 1093 2326 ad
1114 2289 1270 2341 triginta
1296 2284 1372 2322 tria
1396 2278 1535 2319 mellia.
1568 2278 1657 2325 Qui

377 2358 477 2397 Fieri
504 2354 654 2394 solebat
676 2363 720 2389 ex
742 2360 853 2393 auro.
1045 2343 1130 2381 sunt
1159 2337 1259 2379 *aises
1298 2345 1497 2382 2033000.
1538 2331 1651 2370 librae

436 2423 452 2457 3
490 2410 613 2448 ‹AEris
626 2404 761 2459 gravis
778 2431 788 2441 .
804 2430 816 2441 .
831 2428 841 2437 .
869 2398 991 2437 vicies
1043 2397 1193 2448 argenti
1207 2397 1397 2433 Romanae
1412 2399 1483 2433 203
1497 2399 1531 2433 3.
1546 2397 1650 2423 mar-

376 2463 515 2503 centies
532 2459 692 2506 millies,
715 2462 766 2503 &⁴
785 2455 989 2510 quingenta
1042 2462 1096 2489 cae
1118 2446 1303 2487 nostrates
1324 2448 1439 2490 3176.
1463 2452 1553 2479 cum
1575 2451 1650 2477 no·

377 2518 457 2557 tria
480 2514 632 2563 millia]
659 2510 847 2550 Immanis
878 2506 984 2543 sum·
1042 2516 1132 2543 vem
1155 2500 1372 2540 semunciis.
1611 2493 1614 2496 ’

380 2583 464 2611 ma.
497 2570 646 2609 Etenim
667 2562 900 2615 aeris,gravis
924 2561 986 2597 vi-
1093 2570 1120 2606 4
1155 2553 1324 2606 ,Argenti
1340 2576 1498 2592 ......
1530 2544 1660 2602 pondo·

378 2627 455 2663 cies
483 2625 622 2662 centies
652 2618 796 2658 millies
829 2624 987 2653 centena
1043 2611 1108 2649 M.
1130 2606 1380 2654 CCCXXX.]
1412 2606 1558 2641 Marcae
1576 2612 1653 2638 no·

379 2678 524 2728 millia,
544 2681 610 2722 (ut
624 2673 867 2727 negligamus
881 2665 988 2724 quod
1042 2663 1173 2703 strates
1193 2661 1313 2710 2078,
1331 2670 1423 2700 cum
1436 2667 1513 2697 una
1527 2655 1615 2703 unci
1654 2675 1657 2701 ;
