1669 3052
429 153 481 215 L
529 177 554 216 1
600 179 634 220 B
681 179 719 223 E
767 182 809 225 R
899 165 974 231 X.
1211 181 1342 260 387

71 225 234 293 Hujus
251 233 590 305 propinquitas
614 243 783 311 populi
817 249 953 300 acuit
979 267 1149 307 curam
1186 261 1343 312 Patri·
1364 288 1551 334 mmm,

46 292 192 355 buS,
220 313 276 347 ut
305 297 505 354 feciales
543 309 811 364 mittendos
845 315 904 367 ad
943 335 1019 369 res
1053 328 1340 391 repetendas
1360 338 1548 382 ²·C·29³·

67 363 335 416 censerent.
370 371 552 436 quibus
576 392 673 426 non
695 379 896 433 redditis
916 421 930 443 ‚
963 403 1024 436 ex
1047 390 1339 448 aussoritate

67 426 268 480 Patr-um
302 432 424 497 jussu
462 441 632 507 populi
663 442 848 496 bellum
880 450 1071 505 Faliscis
1101 458 1341 515 indictum

62 491 164 543 est:
194 496 400 567 justique
425 507 648 557 consules
679 510 870 576 sortiri,
908 532 1017 569 uter
1039 538 1099 573 ex
1140 527 1340 583 Samnio

61 556 114 608 in
135 562 377 615 Etruriam
403 584 517 620 cum
548 576 771 628 exercitu
795 582 1026 636 transiret.
1071 593 1178 641 Jam
1214 599 1340 647 Car-

60 624 209 677 vilius
230 631 466 685 Volanam
483 675 501 698 ,
542 641 593 689 &
618 642 959 699 Palumbinum
978 687 993 709 ‚
1027 655 1078 702 &
1100 659 1337 714 Hercula-

61 707 210 744 neum
234 712 295 746 ex
335 701 635 757 Samnitibus
657 726 853 777 ceperat
889 732 900 765 ε
934 717 1171 773 Volanam
1209 726 1337 782 intra

51 774 244 824 paucos
267 763 389 827 dies,
405 769 747 828 Palumbinum
761 779 938 833 eodem
959 802 1061 852 quo
1084 788 1144 839 ad
1168 809 1336 848 muros

56 827 266 878 acceffit.
301 833 382 884 Ad
405 840 764 894 Herculaneum
788 846 861 898 bis
881 849 1028 901 etiam
1052 853 1194 922 fignis
1225 861 1334 913 col-

53 888 164 942 latis
187 897 387 973 ancipiti
412 904 609 980 praelio,
646 912 696 958 δε
716 928 830 985 cum
858 917 1036 993 majore
1062 923 1141 972 sua
1176 927 1328 994 quam

52 1023 151 1075 fitis
177 1062 192 1085 ,
227 1032 483 1086 moenibus
520 1036 707 1092 hostem
739 1044 946 1101 inclusit.
986 1070 1327 1123 oppugnatum

50 1092 290 1159 oppidum
317 1135 332 1158 ‚
368 1117 682 1174 captumque.
717 1113 775 1160 In
805 1112 884 1165 his
924 1116 1081 1169 tribus
1120 1123 1330 1180 urbibus

49 1173 192 1226 capta
212 1178 296 1213 aut
318 1171 430 1217 caesa
463 1170 523 1221 ad
557 1172 729 1226 decem
756 1179 905 1232 millia
936 1182 1193 1241 hominum
1212 1231 1228 1253 ,
1259 1194 1328 1246 ita

48 1238 108 1274 ut
129 1244 280 1293 parvo
303 1232 568 1289 admodum
589 1240 753 1307 plures
773 1262 1079 1315 caperentur.
1110 1257 1328 1310 Sortien-

42 1289 179 1343 tibus
214 1299 490 1362 provincias
525 1307 809 1363 consulibus
840 1353 857 1376 ,
907 1318 1098 1371 Etruria
1147 1327 1326 1378 Carvi-

46 1355 117 1408 lio
146 1364 312 1414 evenit
331 1403 348 1426 ,
385 1369 654 1425 secundum
691 1393 807 1430 vota
843 1382 1055 1435 militum
1073 1426 1088 1447 ,
1114 1390 1200 1456 qui
1222 1393 1325 1444 vim

43 1422 246 1492 frigoris
265 1430 431 1495 jamin
456 1438 651 1491 Samnio
689 1460 787 1494 non
820 1449 1143 1513 patiebantur.
1180 1460 1326 1527 Papi-

43 1491 120 1542 rio
139 1494 197 1544 ad
226 1497 457 1565 Sepinum
482 1505 634 1570 major
653 1509 729 1559 vis
758 1510 970 1567 hostium
1001 1519 1180 1571 resistit.
1204 1525 1323 1593 saepe

43 1557 95 1608 in
130 1561 233 1612 acie
258 1601 275 1625 ,
309 1566 424 1634 saepe
440 1569 491 1619 in
514 1574 737 1639 agmine,
773 1580 889 1649 saepe
924 1585 1054 1635 circa
1077 1586 1224 1655 ipsam
1243 1611 1324 1644 ur-

43 1622 157 1676 bem
194 1628 425 1684 adversus
459 1641 744 1706 eruptiones
777 1644 991 1700 hostium
1029 1669 1320 1721 pugnatum.

44 1699 68 1725 ²
91 1704 253 1763 neque
271 1698 458 1760 obfi-dio
479 1742 496 1766 ‚
529 1722 690 1775 neque
715 1709 898 1765 bellum
920 1734 981 1768 ex
1007 1737 1147 1788 aequo
1171 1740 1276 1777 erat
1301 1744 1317 1778 z

40 1774 143 1810 non
166 1763 297 1815 enim
316 1770 468 1820 muris
498 1776 650 1842 magis
687 1778 733 1826 se
759 1781 997 1835 Samnites
1018 1825 1034 1847 ‚
1066 1788 1216 1855 quam
1250 1810 1321 1844 ar-

38 1827 132 1877 mis
154 1846 210 1879 ac
233 1830 352 1883 viris
382 1839 569 1889 moenia
601 1843 904 1902 tutabantur.
939 1853 1157 1904 Tandem
1191 1874 1316 1928 pug-

38 1893 202 1946 nando
220 1896 269 1947 in
292 1899 591 1957 obsidionem
611 1908 783 1976 justam
808 1916 976 1985 coegit
1000 1919 1160 1972 hostes
1180 1941 1195 1974 τ
1223 1926 1312 1977 ob-

28 1958 368 2031 rfidendoquffi
397 1969 446 2022 vi
478 1986 627 2039 atque
661 1979 894 2046 operibus
919 1985 1090 2036 urbem
1120 2006 1316 2061 expug-

36 2027 188 2081 navit.
221 2031 390 2100 itaque
432 2036 492 2087 ab
529 2041 596 2090 ira
631 2043 741 2111 plus
773 2048 916 2100 caedis
952 2052 1142 2105 editum
1171 2061 1319 2128 capta.

35 2093 196 2146 urbe:
225 2099 407 2166 septem
442 2105 593 2157 millia
628 2110 975 2186 quadringenti
998 2120 1097 2171 caefi
1130 2140 1142 2173 ε
1173 2141 1228 2175 ca
1266 2142 1318 2179 ta.

32 2159 196 2212 minus
218 2165 310 2216 tria
339 2168 488 2222 millia
522 2172 812 2232 hominum:
842 2183 997 2252 praeda
1021 2224 1037 2248 ,
1067 2207 1175 2255 quae
1198 2211 1227 2258 p
1252 2211 1315 2243 u-

34 2226 156 2279 rima
178 2229 277 2282 fuit
293 2269 311 2294 ‚
349 2238 590 2306 congestis
612 2245 902 2303 Samnitium
922 2252 1070 2305 rebus
1094 2256 1144 2307 in
1164 2259 1314 2312 urbes

33 2310 215 2362 paucas
228 2336 246 2362 ,
284 2299 431 2353 militi
455 2308 677 2362 concessa
696 2309 782 2363 est.

90 2439 114 2466 2
156 2432 286 2488 Neque
323 2435 460 2488 obsidio
488 2468 501 2489 ,
529 2453 645 2498 neque
695 2458 728 2484 α
755 2461 799 2487 uo
828 2460 922 2492 erat.
952 2452 1098 2494 Bellum
1124 2469 1174 2497 ex
1206 2472 1311 2516 aequo

28 2478 199 2534 bellum]
222 2487 397 2530 Multum
414 2493 540 2545 placet
558 2509 644 2549 quae
684 2514 716 2539 ve
778 2502 879 2543 illud
901 2508 1007 2558 quod
1033 2522 1169 2561 aperto
1196 2526 1308 2554 cam·

30 2535 74 2573 in
92 2547 174 2575 uno
195 2540 352 2592 codice,
376 2545 467 2586 teste
484 2552 642 2589 Grono-
696 2567 776 2606 po,
809 2558 850 2596 &
886 2562 1070 2600 instruas}
1113 2568 1311 2621 utrimque

29 2589 101 2628 vio
125 2617 139 2638 ‚
180 2592 368 2646 scriptura
414 2613 455 2640 re
482 2603 603 2642 eritur
632 2620 643 2644 ι
698 2609 782 2648 acie
816 2615 976 2662 geritur.
1024 2620 1136 2657 Hanc
1164 2619 1310 2673 >lettio-

30 2642 165 2700 Neque
181 2645 318 2702 obfidio
331 2676 345 2702 ‚
363 2650 432 2708 sed
471 2653 584 2702 ellum
598 2671 647 2700 ex
701 2674 793 2706 nem
813 2663 975 2710 firmant
990 2682 1076 2722 quae
1088 2672 1312 2727 sequuntur.

981 2722 1081 2792 Rij
