1680 3110
314 111 444 188 298
713 116 792 180 T.
878 119 928 181 L
979 140 1003 183 1
1050 145 1097 188 v
1141 146 1168 189 ι
1217 147 1256 191 1⁴
1444 197 1448 201 „

96 201 149 239 υ.
181 213 294 248 .44ς.
317 193 495 261 Itaque
524 193 674 264 legati
702 199 762 249 ad
794 201 993 254 Fabium
1020 210 1278 262 consulem*
1304 213 1422 266 mim
1454 217 1600 273 sunt&

97 249 291 305 &03570
315 273 373 310 ut
392 299 408 322 ‚
445 259 482 310 fi
511 262 637 329 quid
665 264 928 318 laxamenti
946 269 990 332 aa
1028 272 1162 325 bello
1201 279 1488 335 Samnitium
1519 290 1598 337 es·

307 326 381 376 set
400 365 417 388 ,
448 327 498 377 in
528 328 784 382 Umbriam
817 352 1025 404 propere
1054 345 1328 396 exercitum
1364 348 1585 405 duceret.

307 393 461 445 Diffto
491 395 656 467 paruit
682 400 889 464 consul,
919 407 1207 475 magnisque
1237 411 1494 469 itineribus
1527 421 1597 472 ad:

305 463 620 523 Mevaniam,
645 463 733 516 ubi
768 481 877 518 tum
912 473 1064 539 copiae
1092 476 1393 532 Umbrorum
1422 500 1590 550 erant,

306 526 540 593 perrexit.
562 532 756 600 Repens
775 533 1014 589 adventus
1033 543 1248 595 consulis
1264 584 1279 607 ‚
1302 564 1451 614 quem
1473 569 1589 617 pro-

303 593 393 644 cul
424 594 628 648 Umbria
665 598 714 649 in
755 602 950 654 Samnio
984 605 1116 658 bello
1157 610 1252 661 alio
1286 631 1588 684 occupatum

138 679 267 713 comm
303 660 619 715 crediderant
639 698 657 724 ,
683 666 750 717 ita
779 673 1021 723 exterruit
1047 676 1258 728 Umbros
1286 718 1300 737 ,
1333 697 1390 731 ut
1411 683 1490 733 alii
1514 703 1586 736 re-

88 726 248 767 ‘vmlms-
304 729 584 782 cedendum
623 732 684 782 ad
719 734 868 785 urbes
909 740 1122 792 munitas
1153 782 1166 802 ‚
1204 745 1402 812 quidam
1440 755 1588 804 omit·

302 795 511 848 tendum
534 797 719 851 bellum
739 804 1007 856 censerent.
1042 817 1058 842 1
1086 808 1234 877 Plaga
1258 831 1352 865 una
1379 818 1581 879 (Mate-

299 862 457 914 rinam
489 864 574 933 ipsi
605 867 889 935 appellant)
928 889 1026 923 non
1050 878 1298 930 continuit
1322 883 1471 934 modo
1501 904 1580 938 ce-

298 945 434 981 teros
453 932 506 981 in
522 933 669 984 armis
688 973 704 995 ,
737 935 817 986 sed
836 939 1089 990 confestim
1113 943 1174 993 ad
1195 962 1441 999 certamen
1459 954 1576 1019 egit.

294 998 448 1048 castra
467 999 731 1052 vallantem
752 1003 953 1056 Fabium
977 1009 1134 1060 adorti
1160 1014 1283 1063 sunt.
1321 1018 1468 1078 Quos
1490 1020 1578 1071 ubi
1620 1073 1622 1075 ,

293 1063 473 1116 effusos
507 1084 650 1118 ruere
683 1068 733 1118 in
764 1071 1062 1125 munimenta
1094 1079 1262 1131 consul
1293 1081 1419 1133 vidit
1442 1121 1459 1146 ,
1493 1104 1576 1137 re-

292 1148 503 1183 vocatos
545 1134 728 1186 milites
771 1138 832 1187 ab
870 1157 1052 1207 opere,
1077 1160 1231 1210 prout
1264 1146 1361 1198 loci
1403 1145 1576 1205 natura

293 1203 589 1269 tempusque
619 1202 895 1269 patiebatur
922 1246 937 1268 ,
981 1208 1046 1259 ita
1077 1210 1308 1266 instruit:
1338 1216 1574 1270 cohorta-

291 1268 470 1333 tusque
497 1268 839 1335 praedicatione
862 1274 977 1324 vera
996 1314 1012 1336 ,
1036 1277 1135 1344 qua
1158 1279 1207 1329 in
1235 1283 1405 1334 Tuscis
1426 1323 1440 1345 ,
1472 1288 1577 1354 qut}⁴

287 1333 342 1383 in
365 1335 562 1386 Samnio
584 1352 839 1403 partorum
861 1339 1123 1405 decorum,
1144 1346 1369 1414 exiguam
1389 1369 1570 1419 appen-

287 1399 453 1452 dicem
475 1403 666 1456 Etrusci
695 1403 811 1455 belli
849 1408 1093 1460 conficere
1118 1410 1260 1477 jubet
1292 1454 1306 1476 ,
1340 1420 1392 1468 δε
1426 1422 1577 1473 vocis:

286 1466 447 1535 impiae
481 1485 657 1536 poenas
687 1486 949 1540 expetere,
975 1476 1073 1543 qua
1105 1480 1151 1530 se
1184 1480 1358 1532 urbem
1392 1486 1566 1539 Roma-

284 1551 399 1584 nam
424 1552 797 1605 oppugnaturos
823 1541 993 1593 minati·
1014 1542 1122 1597 fint.
1158 1550 1273 1598 Haec
1297 1551 1429 1602 tanta
1453 1555 1570 1607 sunt:

281 1600 535 1652 alacritate
563 1604 776 1656 militum
801 1607 995 1671 audita,
1019 1625 1074 1660 ut
1099 1612 1284 1665 „clamor
1308 1617 1388 1667 sua
1417 1619 1560 1687 spon..

283 1682 335 1718 te
357 1683 496 1719 ortus
525 1669 814 1738 loquentem
847 1674 1229 1744 interpellaverit
1259 1682 1454 1735 ducem.
1481 1705 1562 1739 an-

281 1749 333 1785 te
361 1734 619 1803 imperium
652 1738 829 1790 deinde
852 1778 866 1799 ‚
900 1753 921 1783 2
956 1760 1203 1798 concentu
1238 1749 1466 1804 tubarum
1499 1772 1559 1807 ac

278 1811 525 1855 cornuum
559 1843 576 1868 ,
621 1808 767 1858 cursu
802 1806 959 1860 effuso
993 1811 1044 1860 in
1082 1811 1271 1867 hostem
1311 1816 1556 1876 feruntur,

276 1872 397 1920 ‚Non
421 1885 653 1940 tanquam
674 1873 724 1924 in
747 1874 880 1926 viros
901 1913 916 1936 ‚
939 1892 1023 1927 aut
1040 1896 1250 1932 armatos
1271 1884 1553 1942 incurrunt.

278 1945 299 1976 3
330 1937 572 1989 mirabilia
606 1938 741 1992 dictu
764 1943 775 1993 ἔ
799 1939 925 2009 figna
958 1945 1120 2012 primo
1149 1949 1270 2017 eripi
1299 1968 1469 2021 coepta
1496 1955 1561 2006 fi-·

315 2004 517 2055 miseris:
541 2004 717 2056 deinde
752 2007 836 2076 ipsi
873 2007 1085 2076 figniferi
1117 2014 1241 2068 trahi
1280 2017 1340 2068 ad
1377 2022 1554 2075 consu-

271 2016 371 2120 {m
390 2108 406 2131 ,
432 2072 702 2140 armatique
727 2074 906 2125 milites
931 2095 991 2126 ex
1016 2079 1119 2130 acie
1142 2081 1192 2131 in
1215 2084 1369 2134 aciem
1395 2100 1549 2140 trans·

272 2133 393 2189 ⁴*ferri
434 2157 445 2188 :
482 2141 534 2190 δε
570 2139 722 2191 ficubi
758 2140 827 2192 est
867 2158 1111 2200 certamen
1141 2186 1157 2210 ‚
1198 2151 1348 2201 scutis
1391 2156 1551 2224 magis

327 2254 343 2278 1
383 2243 506 2300 Plaga
540 2254 652 2298 una]
691 2253 802 2288 Unus
835 2265 881 2289 ex
935 2250 1029 2292 taffe
1045 2252 1115 2293 nisi
1135 2256 1174 2295 in
1192 2258 1274 2310 ipsa
1291 2261 1447 2316 regione
1465 2275 1542 2303 no-

268 2298 425 2350 populis
460 2303 537 2348 iis,
563 2303 606 2338 in
638 2315 735 2354 quos
774 2307 876 2344 Um-
931 2318 1031 2356 tum.

268 2351 434 2391 brorum
479 2367 570 2406 gens
614 2354 736 2395 divisa
777 2371 873 2397 erat.
986 2373 1006 2398 2
1053 2364 1267 2415 concentu]
1304 2366 1454 2409 Plenius
1492 2384 1540 2413 a:

262 2404 422 2458 Plagam
439 2408 504 2448 hic
522 2421 611 2447 curn
631 2411 794 2462 Dujatio
810 2413 870 2451 in·
927 2414 1067 2455 melius
1102 2416 1315 2469 legeretur:
1335 2431 1424 2461 ante
1457 2438 1540 2474 con-

262 2459 475 2511 telligimus
510 2464 704 2514 regionem.
746 2464 869 2505 Addit
920 2479 1065 2507 centnm
1092 2471 1276 2512 tubarum.

255 2514 415 2564 livius,
438 2517 669 2554 Materinam
701 2516 769 2568 ἱρῇ
798 2530 864 2574 ap·
978 2536 992 2570 3
1025 2523 1226 2565 Mirabilia
1241 2523 1372 2577 dian]
1397 2532 1528 2585 Magis

250 2564 414 2616 pellant,
436 2570 526 2620 quia
541 2582 679 2622 nempe
697 2571 773 2610 hoc
788 2584 859 2611 no—
914 2574 1107 2627 placeret,
1125 2577 1299 2620 mirabile
1317 2580 1442 2625 dian„

251 2630 340 2661 men
357 2622 533 2676 ignobile
550 2634 631 2665 erat
644 2652 658 2673 ‚
684 2637 753 2667 nec
771 2625 854 2668 for-
