1680 3110
325 89 455 170 380
709 90 1231 152 T.L1v11

117 187 208 224 uc.
223 198 312 232 459.
331 189 479 238 quam
527 169 710 221 clamor
751 170 1010 221 tolleretur
1034 209 1050 232 ‚
1089 184 1634 240 concurrereturque-‚—·

122 244 157 270 a.
166 236 208 270 C.
226 247 242 268 2
253 247 310 279 93.

169 280 270 324 Isque

108 325 204 360 -iezus
218 327 287 372 pilo

122 375 230 414 cadit,

332 235 498 288 'emisso
536 252 720 285 temere
758 235 860 302 pilo
893 236 1018 285 istus
1053 237 1287 302 pullarius
1327 255 1436 288 ante
1475 239 1603 305 signa

332 303 527 354 cecidit.
566 299 704 368 quod
731 302 817 352 ubi
849 301 1035 352 consuli
1070 304 1358 354 nunciatum
1389 304 1483 363 est,
1511 307 1603 354 Dii

334 374 384 419 in
409 367 567 435 praelio
585 382 696 431 Junt
711 403 726 424 ,
750 368 912 435 inquit
932 385 945 420 z
967 373 1096 417 habet
1124 389 1298 436 poenam
1321 374 1501 420 noxium
1525 389 1602 419 ca·

323 450 428 502 put.
467 437 599 483 Ante
631 434 882 484 consulem
913 436 1011 484 haec
1040 434 1286 486 dicentem
1311 452 1489 487 corvus
1515 454 1605 488 vo-

329 518 388 550 ce
424 499 550 549 clara
583 501 835 551 occinuit:
890 519 956 552 uo
991 501 1125 551 laetus
1159 502 1366 569 augurio
1398 501 1602 563 consul,

327 569 571 617 affirmans
602 520 1103 635 nunquamqhumanis
1132 569 1277 620 rebus
1307 570 1459 635 magis
1488 585 1609 636 prae-

328 635 488 684 sentes
526 631 791 684 interfuisse
818 633 936 685 deos
961 672 977 696 ‚
1009 634 1138 702 signa
1176 652 1347 686 canere
1368 671 1383 695 ,
1417 638 1470 686 δε
1506 633 1606 685 cla-

327 717 518 752 morem
549 701 655 751 tolli
681 701 822 763 juffit.

394 771 518 816 XLI.
560 767 781 818 Praelium
823 765 1124 818 commissum
1164 782 1305 818 atrox
1337 787 1348 818 :
1385 765 1605 819 ceterum

325 828 475 901 longe
493 832 759 902 disparibus
779 834 964 884 animis.
993 837 1237 884 Romanos
1258 835 1324 883 ira
1344 874 1356 894 ‚
1381 835 1513 901 spes,
1536 852 1603 884 at-

326 898 419 950 dor
459 901 764 962 certamini3‚
790 900 958 951 avidos
1001 899 1211 950 hostiurn
1247 901 1522 968 sangu.ini5‚
1553 900 1604 950 in

325 966 545 1036 praelium
570 968 691 1035 rapit
717 986 726 1017 :
753 968 1042 1017 Samnitium
1073 983 1293 1034 magnam
1315 982 1500 1036 partem
1523 984 1611 1017 ne·

328 1034 516 1084 ceffitas
542 1053 596 1085 ac
621 1034 794 1101 religio
818 1034 998 1085 invitos
1022 1034 1174 1100 magis
1198 1034 1434 1094 resistere,
1453 1034 1602 1100 quam

328 1099 511 1151 inferre
530 1118 757 1170 pugnam,
776 1101 927 1168 cogit.
949 1117 1040 1150 nec
1060 1099 1378 1152 sustinuissent
1393 1100 1605 1168 primum

327 1167 592 1219 clamorem
612 1184 759 1235 atque
785 1168 1022 1235 impetum
1043 1170 1371 1218 Rornanorum
1387 1206 1400 1227 ,
1420 1184 1506 1235 per
1522 1167 1606 1217 ali·

329 1248 457 1301 quot
476 1234 570 1298 jam
591 1251 741 1285 annos
765 1234 898 1286 vinci
917 1232 1112 1294 affueti,
1137 1234 1185 1284 ni
1243 1234 1459 1284 otentior
1482 1233 1624 1284 alius«

326 1316 489 1350 metus
537 1300 741 1351 insidens
786 1299 1068 1368 pectoribus
1110 1299 1136 1349 a
1206 1316 1298 1367 uga
1351 1300 1606 1353 retineret.

327 1367 533 1434 Quippe
554 1367 604 1416 in
623 1367 783 1418 oculis
802 1382 903 1416 erat
928 1366 1083 1416 omnis
1102 1365 1187 1416 ille
1203 1365 1390 1417 occulti
1408 1381 1605 1435 paratus

328 1434 451 1484 sacri
468 1473 482 1495 ‚
502 1437 554 1484 &
579 1433 746 1484 armati
769 1433 1041 1484 sacerdotes
1057 1472 1071 1495 ‚
1091 1435 1139 1483 &
1157 1433 1431 1502 promiscua
1449 1433 1607 1484 homi-

327 1515 446 1551 num
472 1500 821 1569 pecudumque
845 1500 1020 1568 strages
1039 1539 1054 1564 ,
1089 1503 1140 1551 δε
1169 1502 1384 1570 respersae
1411 1511 1426 1535 1
1455 1499 1612 1553 fando·

326 1566 646 1635 nefandoque
673 1567 901 1634 sanguine
939 1585 1026 1618 a-rae
1045 1605 1061 1627 ‚
1095 1569 1144 1618 &
1173 1567 1274 1618 dii-a
1300 1569 1566 1619 exsecratio
1585 1608 1602 1632 ,

324 1651 382 1685 ac
403 1633 577 1684 furiale
598 1651 792 1685 carmen
812 1674 826 1696 ,
854 1633 1139 1686 detestandae
1161 1633 1351 1685 familiae
1369 1636 1604 1705 stirpique

328 1701 672 1770 compositum.
689 1701 765 1751 his
784 1701 994 1753 vinculis
1017 1700 1141 1769 fugae
1160 1701 1374 1753 obstricti
1393 1702 1603 1765 stabant,

327 1769 491 1818 civem
530 1769 681 1836 magis
718 1768 868 1837 quam
906 1767 1093 1819 hostem
1128 1769 1374 1819 timenteS.
1424 1770 1604 1822 Instare

326 1836 575 1885 Romanus
612 1838 637 1886 a
673 1853 827 1886 cornu
860 1850 1073 1901 utroque
1095 1873 1109 1896 ,
1133 1835 1345 1886 &media
1380 1836 1482 1887 acie
1503 1876 1520 1899 ,
1547 1839 1602 1889 δε

329 1901 514 1952 caedere
550 1902 754 1953 deorum
788 1902 1144 1969 hominumque
1175 1902 1412 1952 attonitos
1450 1918 1604 1957 metu.

328 1983 630 2036 repugnatur
654 1969 892 2036 segniter,
929 1984 983 2019 ut
1008 1969 1065 2019 ab
1086 1969 1145 2018 iis
1169 1986 1295 2037 quos
1315 1969 1463 2020 timor
1488 1989 1600 2020 mo-

324 2049 517 2086 raretur
544 2036 568 2085 a
593 2035 726 2102 fuga.
762 2041 869 2086 Iam
893 2053 1043 2104 prope
1070 2034 1128 2086 ad
1152 2035 1277 2102 figna
1312 2035 1464 2087 credes
1492 2054 1601 2104 pet-

322 2117 527 2153 venerat
545 2140 558 2162 ,
580 2121 733 2170 quum
766 2119 824 2151 ex
853 2103 1116 2153 transverso
1148 2101 1337 2170 pulvis,
1360 2102 1499 2153 velut
1524 2103 1599 2153 in-

323 2168 486 2234 gentis
528 2169 730 2235 agminis
769 2166 951 2218 inceffu
989 2183 1153 2218 motus
1183 2209 1197 2229 ,
1240 2170 1476 2236 apparuit.
1516 2175 1599 2236 Sp.

322 2233 540 2284 Nautius
578 2234 884 2295 (O-&avium
906 2235 1118 2285 Metium
1139 2234 1337 2302 quidam
1361 2251 1473 2284 eum
1496 2248 1598 2285 tra-

323 2299 487 2364 dunt)
508 2299 607 2350 dux
638 2300 847 2351 alaribus
875 2301 1165 2351 cohortibus
1193 2316 1309 2351 erat.
1341 2301 1594 2367 pulverem

323 2366 558 2431 majorem
592 2368 741 2434 quarn
773 2386 862 2435 pro
899 2385 1105 2418 numero
1143 2366 1452 2418 excitabant:
1480 2366 1594 2418 infi-

378 2486 394 2512 κ
428 2474 556 2512 Fando
587 2473 817 2528 nefandoque
839 2474 929 2526 san·
985 2474 1053 2522 di3
1076 2477 1115 2513 δε
1140 2476 1350 2514 hominum
1379 2476 1560 2529 sanguine
1577 2503 1591 2523 ,

344 2528 456 2577 uine]
507 2530 550 2566 Et
592 2529 775 2579 sanguine
811 2541 928 2580 pecu-
985 2531 1051 2580 qui
1079 2526 1155 2567 sine
1181 2530 1318 2570 scelere
1344 2525 1487 2570 effundi
1512 2542 1593 2571 non

323 2592 414 2620 ⁴um
439 2608 452 2630 ‚
490 2580 692 2636 quem-fas
721 2592 802 2621 erat
835 2580 927 2622 fun·
985 2594 1152 2637 poterat.
