1669 3052
413 171 465 234 L
503 190 527 233 1
567 191 603 234 B
644 190 682 234 r:
719 194 758 235 Ρ.
836 171 895 235 V
910 171 958 234 Ι.
1245 189 1283 233 2
1290 188 1326 254 3

51 248 286 308 creditori
301 252 458 324 palam
474 254 661 323 populo
678 253 847 316 solvit,
875 266 901 297 4
917 251 1143 323 libriique
1167 255 1216 305 δε
1238 271 1327 305 aere
1353 275 1440 313 uc.
1456 260 1543 319 37'0'.

48 323 312 374 liberatum
343 320 525 372 emittit
543 360 556 382 ,
596 320 714 371 deos
748 335 896 390 atque
929 320 1152 372 homines
1185 319 1329 371 obte-
1349 325 1436 361 a.c.
1454 323 1542 367 38²·

53 389 282 447 stantem,
315 405 366 438 ut
406 397 475 438 M.
508 388 686 438 Manlio
726 388 967 437 liberatori
992 391 1075 453 suo
1091 424 1108 445 ,
1141 391 1330 455 parenti

30 454 199 524 plebis
229 463 435 504 Romanae
451 490 467 511 ,
492 457 701 519 gratiam
733 457 946 519 referant.
978 460 1227 522 Acceptus
1245 471 1332 505 ex·

55 520 241 589 templo
258 521 309 570 in
329 519 679 571 tumultuosam
698 520 891 570 turbam
905 559 920 581 ‚
948 521 1117 586 &ipse
1140 521 1330 572 tumul-

53 601 165 638 tum
186 587 418 654 augebat,
440 586 696 636 cicatrices
715 602 939 653 acceptas
957 587 1185 649 Veienti,
1212 587 1331 639 Gal-

56 653 158 704 lico
174 693 188 715 ,
209 654 408 721 aliisque
430 652 661 720 deinceps
687 652 828 702 bellis
843 691 857 713 ‚
884 652 1149 705 ostentans,
1171 662 1221 704 Se
1238 658 1333 703 mi-

56 720 268 771 litantem
290 755 305 776 ,
328 723 381 784 se
401 722 706 784 restituentem
724 721 899 784 everfhs
910 734 1125 786 penates,
1161 729 1182 761 5
1206 721 1332 770 mul-

52 786 213 854 tiplici
221 792 322 846 jam
329 789 455 851 fhrte
479 785 679 850 exfhlutd
694 821 709 841 ,
734 789 1040 852 mergentibus
1046 789 1222 853 semper
1227 791 1332 852 fiir-

54 868 146 903 tem
165 855 315 917 usuris
333 889 348 909 ,
369 855 575 901 obrutum
581 854 753 916 ftcnore
774 854 866 918 effe.
885 855 1048 901 Videre
1064 853 1210 901 lucem
1229 890 1242 912 ‚
1251 858 1336 918 fii-

54 938 158 969 rum
168 955 184 976 ‚
203 921 384 969 civium
405 937 508 977 ora,
534 926 601 967 M.
624 917 799 967 Manlii
819 919 952 985 operd
971 942 986 967 .·
1004 922 1154 968 omnia
1163 934 1333 987 paren-

59 1002 158 1036 tum
179 987 392 1052 beneficia
413 987 469 1033 ab
492 983 576 1033 illo
592 987 644 1049 se
663 987 821 1034 habere
837 1009 852 1033 :
884 985 967 1034 illi
987 988 1208 1035 devovere
1231 1006 1336 1035 cor-

50 1053 725 1121 poris,vitaeque,acfimguinis
745 1054 863 1117 quod
873 1053 1077 1118 fitperstt.
1098 1056 1333 1119 quodcun—

59 1119 246 1186 quesibi
263 1137 363 1166 cum
374 1120 535 1184 patria
550 1153 565 1174 ,
582 1120 826 1184 penatibus
841 1119 1043 1183 publicis
1059 1139 1110 1166 ac
1120 1122 1333 1186 privatis

49 1187 175 1245 juris
184 1186 334 1249 fiterit
351 1220 366 1243 ,
401 1186 451 1232 id
471 1194 572 1232 cum
592 1203 674 1233 uno
700 1187 874 1241 homine
898 1186 990 1252 effe.
1014 1184 1103 1234 His
1124 1185 1335 1236 vocibus

58 1248 280 1301 instineh
305 1249 473 1318 plebes
499 1267 654 1318 quum
677 1250 770 1311 jam
793 1250 937 1303 unius
958 1251 1170 1303 hominis
1188 1250 1331 1314 estet,

112 1389 140 1435 4
171 1383 363 1426 Libra...
399 1389 451 1431 &³
481 1398 548 1423 aere
577 1382 670 1422 libe-

57 1450 182 1478 ratum
214 1441 388 1489 emittit]
426 1443 477 1477 Ex
509 1441 554 1478 iis
586 1451 670 1491 quae

725 1386 942 1431 Quiritium
978 1397 1111 1423 meum
1139 1382 1212 1424 effe
1239 1386 1303 1425 aio
1320 1413 1337 1433 ,

726 1440 832 1490 isque
862 1440 961 1477 mihi
995 1452 1144 1490 emptus
1175 1438 1228 1477 est
1258 1441 1337 1478 hoc

58 1486 177 1545 'supra
217 1495 493 1531 annotavimus
517 1521 529 1540 ,
567 1504 671 1543 patet

62 1558 249 1599 magnam
277 1548 318 1583 in
351 1559 466 1585 nexos
500 1547 668 1585 credito-

63 1599 170 1638 ribus
197 1596 308 1637 fuisse
331 1599 559 1651 potestatem
571 1628 583 1647 ,
602 1612 671 1638 nec

63 1652 180 1692 herili
207 1651 442 1692 abfimilem.
474 1658 529 1692 Ut
551 1655 669 1705 igitur

59 1704 292 1746 liberaretur
313 1707 381 1745 ille
407 1709 581 1746 centurio
604 1720 670 1758 pe-

59 1758 182 1800 cuniae
213 1759 405 1812 judicatus
428 1789 440 1808 ,
469 1763 671 1812 mancipa-

59 1815 209 1853 tionem
222 1814 437 1866 quamdam
453 1812 537 1852 fieri
555 1827 673 1866 opor—

61 1867 170 1907 tebat
185 1896 198 1915 ‚
218 1866 296 1920 qua
317 1869 429 1907 suum
452 1869 492 1906 in
516 1867 672 1906 debito-

60 1923 114 1960 tis
136 1934 275 1974 corpus
299 1921 522 1961 dominium
545 1920 671 1959 credi-

60 1985 125 2014 tor
141 1977 182 2014 in
199 1975 398 2015 Manlium
418 1974 642 2013 transferret
658 2003 669 2022 ‚

91 2030 132 2068 ui
161 2041 251 2067 eum
290 2027 427 2067 deinde
463 2029 670 2076 emitteret,

78 2095 139 2121 lve
167 2086 473 2122 manumitteret.
505 2084 672 2134 Optimo

62 2147 193 2175 autem
238 2138 279 2175 &
324 2135 538 2188 plenissimo
586 2138 671 2187 jure

61 2188 286 2229 dominium
331 2192 373 2227 in
417 2191 671 2240 accipientem

61 2243 367 2283 transferebatur
393 2271 407 2291 ,
443 2256 564 2295 quum
603 2256 672 2295 per

63 2308 115 2335 τε
149 2300 190 2336 δε
219 2297 366 2336 libram
398 2295 573 2335 venditio
605 2295 672 2334 fie-

63 2359 124 2397 te't
136 2379 150 2400 ,
168 2352 245 2390 hoc
261 2353 449 2389 nimirum
468 2352 559 2389 ritu.
587 2349 671 2388 Ad»-

65 2409 150 2443 erat
179 2405 364 2457 libripens
385 2432 397 2452 ,
429 2406 496 2456 qui
526 2403 672 2442 libram

63 2457 219 2497 tenebat
233 2472 351 2498 manu
363 2473 377 2496 t*
386 2457 547 2496 aderant
562 2460 674 2509 quin-

65 2523 142 2563 que
169 2510 279 2551 testes
304 2541 316 2559 ,
344 2514 445 2550 cives
472 2513 672 2558 Romani,

66 2564 243 2616 puberes,
283 2569 442 2617 Emptor
467 2577 674 2602 nummum

67 2629 209 2657 aereum
229 2631 356 2657 tenens
370 2618 392 2666 ,'
417 2621 472 2656 ita
493 2617 673 2657 dicebat:

37 2708 43 2715 .
68 2673 184 2712 Hunc
208 2685 282 2726 ego
300 2672 508 2713 hominem
527 2684 573 2712 ex
593 2674 678 2724 jure

725 1505 798 1530 aere
822 1491 1000 1544 aeneaque
1030 1491 1147 1530 libra.
1187 1494 1336 1532 Deinde

726 1559 826 1584 aereo
844 1559 1010 1584 nummo
1027 1546 1266 1597 percutiebat
1285 1546 1337 1584 li-

728 1600 841 1637 bram
861 1629 872 1648 ‚
889 1598 1052 1651 indeque
1069 1613 1118 1638 aes
1134 1603 1167 1637 ei
1185 1600 1307 1638 dabat
1320 1626 1336 1647 ,

727 1651 749 1691 ἐι
770 1667 849 1705 quo
874 1657 1070 1705 mancipio
1087 1653 1302 1704 accipiebat
1321 1682 1336 1701 ,

728 1705 833 1759 quafi
859 1709 973 1759 pretii
1007 1708 1111 1746 loco.
1143 1711 1237 1745 Haec
1263 1721 1335 1749 au-
1370 1734 1372 1737 -

725 1773 807 1799 tem
835 1761 1072 1800 consuetudo
1103 1760 1193 1799 inde
1223 1759 1338 1800 dueta

726 1826 809 1853 erat
822 1843 834 1862 ,
853 1813 959 1867 qubd
973 1827 1117 1852 veteres
1134 1816 1308 1854 Romani
1321 1842 1336 1862 ,

728 1882 850 1920 quum
874 1868 1048 1906 nondum
1074 1882 1122 1906 aes
1144 1867 1337 1919 signatum

727 1923 948 1969 haberent,
979 1921 1184 1973 posteaque
1217 1923 1339 1960 etiam

727 1989 849 2027 quum
867 1974 1003 2014 affibus
1024 1975 1231 2013 libralibus
1253 1987 1339 2014 ute-

725 2041 858 2067 rentur
890 2057 902 2077 ,
946 2029 1217 2080 appendebant
1260 2041 1309 2067 aes
1324 2057 1339 2077 ,

725 2094 806 2121 non
828 2083 1104 2121 numerabant.

785 2201 801 2235 5
847 2188 1056 2244 Multiplici
1096 2190 1177 2238 7'am
1208 2189 1341 2242 fiirte]

728 2243 909 2282 Exsoluta
935 2247 1016 2295 jam
1047 2257 1113 2295 per
1141 2244 1272 2283 usuras
1297 2246 1342 2284 eii

727 2300 897 2349 pecuniae
923 2297 1076 2336 summa
1094 2327 1104 2344 ‚
1124 2310 1209 2350 quae
1235 2300 1339 2337 mul«

728 2354 776 2390 tis
792 2351 965 2403 partibus
989 2352 1230 2403 exsuperaret
1256 2353 1342 2390 sor-

729 2417 806 2444 tem
825 2434 836 2452 ,
856 2404 930 2444 five
950 2404 991 2443 id
1009 2405 1117 2456 quod
1136 2405 1257 2444 debiti
1275 2419 1341 2444 ca-

729 2471 796 2510 put
814 2471 896 2497 erat
917 2460 1066 2505 3usuris
1093 2459 1167 2496 sese
1194 2456 1344 2512 semper
1378 2509 1381 2510 ⁷

731 2513 843 2564 supra
872 2513 1017 2550 sortem
1043 2512 1344 2564 quodammodo

731 2565 1048 2604 coacervantibus
1101 2594 1114 2612 ,
1179 2579 1344 2619 eamque

733 2618 839 2671 quasi
858 2619 1162 2671 deprimentibus
1178 2648 1191 2668 ‚
1213 2633 1257 2660 ac
1275 2635 1344 2661 ve.-

734 2673 905 2713 tantibus
934 2685 1144 2726 emergere.
