1680 3110
67 207 157 243 uc.
170 217 259 251 459.

127 1133 256 1181 Auspi-

80 1183 167 1218 cium
181 1197 269 1218 men·

79 1231 165 1266 titur
192 1232 270 1277 pul-

75 1277 198 1318 larius.

276 111 402 190 378
688 108 766 171 T.
850 108 1168 172 lelr

342 193 452 240 XL.
500 192 617 240 Haec
659 206 910 256 comperta
947 190 1263 258 perfugarum
1301 188 1492 244 indiciis
1527 202 1603 252 ,1⁵
1677 184 1680 207 ¹

67 263 101 290 2-
117 255 256 299 0293·
278 275 433 324 quum
457 257 585 324 apud
609 255 820 306 infensos
841 256 935 320 jam
958 256 1037 305 sua
1061 258 1228 325 sponte
1249 259 1427 310 milites
1452 259 1546 308 dis·

232 364 248 376 ,
277 321 525 381 seruiffet3
550 320 686 371 simul
716 322 890 373 divinae
915 321 1236 391 humanaeque
1266 326 1360 390 spei
1384 325 1554 392 pleni,

278 390 490 441 clamore
523 389 846 439 consentienti
877 405 1089 458 pugnam
1123 392 1362 456 poscunt:
1385 390 1552 456 poeni--

277 471 350 506 tet
384 456 431 504 in
464 454 709 522 posterum
742 456 873 508 diem
907 453 1111 507 dilatum
1143 473 1419 507 certamen:
1446 475 1553 508 mo-

275 540 378 573 ram
402 520 500 570 diei
523 522 777 590 noctisque
798 523 1026 574 oderunt.
1064 523 1230 573 Tertia
1262 523 1428 592 vigilia
1457 539 1554 572 no-
1584 549 1587 552 ·

277 588 407 648 stis,
445 588 540 653 jam
579 588 740 640 relatis
779 590 956 640 litteris
991 591 1016 640 ὲ
1057 590 1247 658 collega
1275 630 1289 651 ,
1330 589 1554 658 Papirius

279 665 301 692 ¹
323 654 510 707 silentio
531 657 706 723 surgit,
726 660 776 707 δε
798 656 1058 725 pullarium
1084 658 1131 706 in
1155 657 1421 725 auspicium
1443 657 1557 706 mit-

279 721 357 772 tit.
391 723 598 772 Nullum
627 740 728 774 erat
757 740 911 791 genus
939 722 1197 774 hominum
1221 724 1269 772 in
1293 723 1454 774 castris
1478 723 1556 773 in-

279 788 466 839 tastum
508 788 778 857 cupiditate
828 806 999 858 pugnae
1032 808 1044 840 ε
1083 791 1256 841 summi
1300 791 1557 857 infimique

281 856 419 922 aeque
448 855 624 906 intenti
654 873 789 908 erant
811 876 821 908 ε
843 857 943 908 dux
977 855 1191 908 militum
1211 896 1224 917 ‚
1251 857 1390 908 miles
1415 856 1585 908 ducis·

281 922 507 973 ardorem
540 924 796 990 spectabat.
832 928 880 974 Is
910 923 1052 974 ardor
1076 924 1297 975 omnium
1327 925 1474 975 etiam
1495 922 1560 973 ad

284 1006 372 1040 eos
419 990 506 1058 qui
553 991 770 1059 auspicio
815 991 1082 1042 intererant
1110 1029 1125 1052 ‚
1162 992 1405 1060 pervenit.
1450 1007 1565 1040 nam.

285 1076 444 1125 quum
477 1056 598 1125 pulli
627 1075 724 1109 non
752 1060 1093 1126 pascerentur,
1123 1057 1357 1124 pullarius
1395 1057 1561 1125 auspi-

288 1125 420 1174 cium
456 1124 652 1175 mentiri
689 1129 831 1177 ausus
860 1164 875 1186 ‚
917 1135 937 1159 2
972 1125 1243 1194 tripudium
1279 1123 1562 1176 solistimum

289 1190 476 1242 consuli
519 1192 789 1249 nunciavit.
843 1192 1035 1242 Consul
1084 1192 1256 1252 laetuS‚
1293 1190 1563 1260 auspicium

287 1258 541 1326 egregium
567 1257 658 1308 effe
690 1297 704 1319 ‚
740 1263 790 1310 δε
823 1258 927 1309 deis
960 1258 1242 1309 auftoribus
1271 1276 1372 1309 rem
1403 1257 1566 1325 gestu-

284 1343 365 1376 ros
386 1365 399 1387 ,
434 1326 759 1393 pronunciat3
786 1325 1072 1401 signumque
1108 1340 1280 1394 pugnae
1314 1324 1565 1394 proponit,

280 1393 494 1444 Exeunti
527 1391 620 1459 jam
658 1391 787 1443 forte
820 1410 869 1443 ln
901 1391 1056 1442 aciem
1087 1392 1288 1451 nunciat
1326 1388 1530 1460 perfuga
1547 1427 1566 1451 ‚

281 1459 460 1528 viginti
499 1458 733 1511 cohortes
774 1458 1068 1511 Samnitium
1114 1458 1568 1529 (quadringenariae

284 1526 441 1578 ferme
485 1534 657 1589 erant)
700 1527 989 1577 Cominium
1029 1526 1287 1594 profectas,
1329 1527 1467 1597 quod
1504 1543 1566 1578 ne

283 1595 532 1663 ignoraret
568 1593 787 1662 collega,
814 1593 1063 1661 extemplo
1104 1595 1340 1646 nuncium
1375 1595 1562 1646 mittit:

285 1662 385 1732 ipse
404 1662 532 1731 figna
555 1662 696 1713 ocius
717 1659 927 1730 proferri
948 1660 1086 1728 jubet
1105 1699 1121 1724 ,
1143 1661 1445 1731 subsidiaque
1468 1660 1565 1713 suis

346 1822 360 1848 ι
401 1807 590 1861 silentio]
623 1809 715 1852 Vid.
748 1823 831 1852 not.
859 1824 899 1861 4.

289 1863 341 1905 ad
365 1867 475 1904 vm.
500 1877 563 1911 23.

344 1931 363 1956 2
396 1917 617 1973 Tripuclinm
647 1915 901 1971 solistimum]

294 1972 523 2024 Auspicium
556 1969 574 2009 ὲ
604 1971 719 2024 pullis
751 1972 903 2012 summa

292 2027 482 2077 religione
507 2023 529 2062 a
553 2027 744 2064 Romanis
770 2038 902 2078 capta-

294 2079 410 2118 batur
430 2106 440 2126 ,
462 2079 539 2116 hoc
556 2078 692 2117 modo.
715 2080 844 2118 Pullos
862 2081 904 2118 in

294 2146 413 2172 cavea
430 2128 677 2170 asservabant
695 2135 720 2170 ii
740 2161 752 2180 ,
775 2136 841 2185 qui
860 2146 905 2172 ex

294 2200 342 2226 eo
369 2187 452 2238 ipso
478 2185 707 2224 dicebantur
733 2187 904 2239 pullarii.

296 2242 370 2279 His
404 2242 523 2291 igitur
557 2239 672 2290 pullis
698 2268 708 2286 ‚
747 2239 905 2292 quando

296 2294 489 2345 auspicari
531 2306 626 2346 opus
659 2304 741 2331 erat
768 2322 780 2341 ,
819 2294 905 2344 puls

296 2348 359 2386 vel
376 2343 455 2385 offa
473 2346 747 2398 objiciebatur.
765 2349 800 2384 Si
842 2347 903 2385 ul-

298 2401 326 2440 li
345 2400 364 2439 ἐ
381 2413 499 2440 cavea
517 2400 645 2453 egreffi
663 2413 741 2438 non
758 2413 779 2439 e
797 2409 877 2439 ient
892 2431 903 2448 ‚

297 2468 365 2494 aut
389 2454 571 2507 progressi
598 2450 721 2494 offam
743 2467 820 2492 non
844 2468 905 2493 at-

300 2506 468 2560 tigissent
490 2537 500 2555 ‚
533 2508 620 2547 inde
646 2508 907 2560 colligebatur

297 2562 514 2614 periculum
567 2564 788 2600 imminere.
845 2565 908 2600 Sin

296 2627 427 2656 autem
455 2617 697 2670 pascerentur
715 2644 728 2664 ‚
758 2615 908 2656 bonum

956 1811 1166 1865 augurium
1192 1811 1414 1852 habebatur
1429 1840 1442 1860 ,
1466 1823 1568 1864 prae-

956 1867 1088 1904 sertim
1104 1895 1116 1914 ‚
1133 1865 1158 1905 fi
1177 1869 1222 1905 iis
1238 1867 1476 1906 vescentibus
1491 1865 1568 1904 ali-

958 1920 1052 1972 quid.
1083 1932 1128 1958 ex
1157 1934 1224 1959 ore
1261 1917 1458 1959 decidisset
1476 1934 1485 1958 :
1505 1918 1566 1958 id-

959 1987 1032 2027 que
1049 1973 1255 2027 tripudium
1266 1973 1481 2026 solistimum
1497 1986 1567 2025 ap·

958 2026 1193 2079 pellabatur.
1217 2027 1331 2082 Quia
1357 2029 1460 2066 enirn
1478 2054 1488 2074 ,
1505 2028 1568 2065 in-

959 2084 1043 2133 quit
1065 2083 1203 2120 Cicero
1228 2081 1254 2118 l.
1281 2086 1332 2119 ΙΙ.
1359 2080 1406 2118 de
1432 2083 1568 2118 Divin.

959 2147 997 2172 n.
1017 2146 1083 2178 72.
1104 2148 1216 2188 quum
1231 2134 1426 2188 pascuntur
1443 2132 1570 2186 pulli,

959 2187 1087 2239 neceffe
1111 2186 1157 2238 esi
1179 2186 1329 2241 aliquid
1357 2201 1405 2225 ex
1430 2200 1487 2226 ore
1509 2201 1572 2225 ca-

959 2241 1041 2278 dere
1060 2267 1070 2285 ,
1099 2248 1151 2283 (37‘
1180 2251 1316 2279 terram
1353 2241 1485 2295 pavire
1504 2266 1515 2286 ‚
1539 2241 1567 2278 i.

960 2309 992 2333 e.
1011 2293 1124 2332 ferire
1137 2323 1148 2342 ,
1166 2295 1412 2350 terripavium
1425 2293 1542 2346 prim&
1555 2323 1570 2341 ,

958 2362 1046 2386 mox
1065 2346 1310 2400 terripudium
1331 2346 1470 2385 diHum
1492 2345 1538 2397 est
1557 2361 1569 2383 :

959 2400 1026 2440 hoc
1062 2401 1215 2455 quidem
1249 2404 1327 2449 iam
1362 2397 1581 2452 tripudium*

961 2454 1109 2493 diritur.
1128 2452 1351 2506 Solzstimum
1367 2466 1497 2491 autem
1511 2451 1570 2491 di-

962 2509 1122 2547 cebatur
1145 2506 1166 2546 τὶ
1189 2506 1265 2559 solo
1283 2538 1294 2555 ,
1324 2507 1429 2559 quod
1454 2505 1570 2544 ferie-

963 2562 1030 2599 bat
1061 2558 1141 2601 offa
1169 2573 1213 2601 ex
1240 2573 1306 2600 ote
1335 2560 1435 2615 pulli
1462 2559 1565 2600 deci-

963 2615 1066 2656 dens.
