1669 3052
419 119 472 180 L
520 138 544 180 1
592 134 626 178 B
671 138 706 179 E
748 136 788 179 Β
874 114 953 180 Χ.
1204 137 1324 202 391

60 198 273 272 primum
292 237 305 262 ‚
337 201 561 252 transsato
585 202 610 253 ἐ
641 201 827 252 Graecia
856 217 1025 263 more,
1058 199 1329 256 victoribus
1359 220 1551 263 uerus.
1577 251 1581 254 .

64 270 200 326 datae.
230 268 415 319 Eodem
445 286 571 319 anno
600 268 659 319 ab
677 268 895 319 aedilibus
919 266 1174 320 curulibus
1193 309 1210 332 ,
1245 273 1334 340 qui
1362 267 1552 312 ³⁹0'293·

68 353 149 387 eos
180 334 324 388 ludos
364 335 589 387 fecerunt
610 374 626 395 ‚
663 335 900 387 damnatis
932 334 1125 403 aliquot
1146 354 1333 405 pecua-
1390 351 1392 353 ’
1603 343 1606 345 ’

65 402 146 455 xiis
163 441 179 465 ‚
211 402 290 454 via
314 410 336 446 5
359 403 384 452 a
407 402 577 453 Martis
596 401 725 452 filice
745 402 804 452 ad
825 401 1038 453 Bovillas
1057 403 1331 470 ⁶⁴perstrata

61 468 145 519 est.
192 470 411 520 Comitia
451 468 719 520 consularia
771 472 823 517 L.
859 467 1078 537 Papirius
1111 470 1286 522 habuit
1317 489 1331 522 ε

63 535 509 587 creavit-consules
539 574 554 595 ,
599 538 668 599 Q.
711 534 909 585 Fabium
947 536 1149 588 Maximi
1177 538 1333 590 filium

66 603 326 669 Gurgitem
342 640 357 663 ,
375 604 423 652 δέ
447 605 508 651 D.
527 602 730 651 Junium
749 606 957 651 Brutum
983 604 1210 658 Scaevam.
1235 605 1335 674 ipse

64 669 286 736 Papirius
318 682 489 737 praetor
517 667 688 718 factus.
731 667 902 721 Multis
926 668 1070 717 rebus
1092 669 1226 721 laetus
1250 689 1332 722 an-

62 751 156 785 nus
177 773 192 796 ,
222 735 315 786 vix‘
341 733 401 785 ad
435 734 658 785 solatium
692 733 838 784 unius
877 733 1021 793 mali,
1092 735 1335 789 estilentiae
1380 738 1548 797 ‚Pestilen-

62 801 252 853 urentis
273 800 407 852 simul
426 802 599 852 urbem
622 816 769 868 atque
788 815 928 868 agros
946 839 961 862 ,
979 802 1030 851 su
1069 802 1168 853 ecit
1185 827 1200 865 3
1220 823 1337 873 por-
1359 798 1427 834 ’Μ’

59 867 301 937 tentoqu'e
321 868 415 935 jam
437 867 597 919 similis
622 867 782 917 clades
805 882 921 917 erat.
954 870 1013 917 Et
1035 878 1057 910 7
1081 869 1193 920 libri
1218 872 1331 937 adi--

58 934 98 983 ti
120 973 134 996 ,
162 936 361 1002 quinam
383 934 517 996 finis,
543 949 625 985 aut
645 932 781 1001 quod
805 934 1074 986 remedium
1095 936 1200 1004 ejus
1218 940 1335 991 mali

59 1001 118 1050 ab
137 1000 229 1051 diis
251 1001 465 1052 daretur.
483 1002 736 1053 inventum
755 1000 805 1051 in
825 1001 961 1053 libris
977 1042 991 1064 ,
1006 1004 1337 1074 AEsculapium

58 1067 118 1118 ab
148 1067 392 1135 Epidauro
428 1071 630 1118 Romam
668 1067 1014 1120 arcessendum.
1061 1075 1240 1140 Neque
1274 1090 1340 1124 eo

54 1149 183 1184 anno
210 1173 226 1195 ‚
275 1135 390 1203 quia
437 1134 568 1185 bello
602 1136 834 1213 occupati
878 1135 1102 1187 consules
1145 1153 1284 1190 erant
1317 1178 1338 1205 ‚

55 1199 323 1267 quicquam
341 1200 399 1251 de
420 1219 474 1251 ea
495 1219 545 1251 re
560 1200 722 1253 astum
738 1202 804 1252 est
820 1241 834 1263 ,
853 1217 1175 1272 praeterquam
1191 1206 1335 1274 quod

54 1282 211 1337 unum
236 1265 367 1320 diem
397 1267 674 1336 AEsculapio
697 1269 989 1338 supplicatio
1014 1270 1182 1324 habita
1212 1273 1300 1328 csta

105 1446 124 1481 ς
157 1438 206 1476 ,Α
239 1431 415 1481 Martis]
451 1433 488 1470 A
524 1434 663 1472 Martis
719 1443 836 1484 porta
850 1436 1008 1484 Capena
1022 1432 1072 1472 ad
1085 1435 1226 1472 Martis
1240 1433 1337 1475 strae

56 1489 162 1530 aede.-
720 1498 802 1524 tam
844 1483 958 1526 fuisse
1004 1486 1139 1527 docuit
1165 1515 1178 1536 ,
1221 1488 1338 1540 supr&

111 1535 136 1585 ’6
161 1537 376 1592 Rerstrata]
406 1539 516 1576 Nota
546 1539 664 1589 parti·
720 1552 752 1579 c.
790 1552 854 1588 23.

57 1593 190 1636 cular‘n
203 1604 267 1648 per
279 1622 294 1642 ,
312 1591 387 1646 qua
408 1591 578 1630 indicare
594 1605 666 1632 vo-
775 1605 799 1640 7
825 1591 931 1632 Libri
955 1592 1078 1644 aditi,
1101 1592 1259 1648 quidam
1281 1594 1336 1643 β..

55 1650 131 1690 luit
165 1649 293 1688 Livius
329 1649 432 1686 hanc
462 1648 569 1685 viam
602 1660 666 1686 ve·
721 1647 815 1697 nis]
845 1646 953 1685 Libri
990 1647 1169 1699 Sibyllini
1209 1647 1340 1696 aditi,

56 1704 115 1742 lut
143 1700 306 1753 aliquod
333 1699 669 1754 complementum
724 1713 764 1740 ut
782 1703 890 1739 exiis
912 1700 1119 1743 disceretur
1134 1729 1147 1752 ,
1174 1703 1342 1754 quina-m

56 1753 167 1800 fuiffie
188 1758 268 1810 ejus
287 1756 432 1796 semitae
454 1783 468 1805 ,
502 1767 622 1809 quam
645 1753 669 1794 ἐι
698 1806 701 1807 ⁷
725 1753 813 1795 finis
831 1782 840 1793 .
863 1782 873 1793 .
890 1781 930 1796 .-

574 2069 792 2310 aa>

999 2681 1041 2734 R
1077 2677 1148 2746 iiij
