1680 3110
319 142 453 225 '146
737 130 816 197 T.
899 128 950 191 L
1001 148 1025 192 1
1067 147 1109 194 v
1153 147 1174 192 1
1221 145 1247 191 1

98 235 292 282 *Le-41³·
321 229 512 279 candum
552 222 660 271 bene
690 232 828 283 atque
861 212 1028 276 honeste
1075 215 1198 262 inter
1227 209 1403 280 primos
1425 205 1616 271 stabis}
1649 243 1656 249 -

103 286 192 324 a.C.
209 294 296 332 339·
319 297 383 352 (θ’
405 289 628 357 colloquii
647 289 779 344 hujus
791 281 1019 348 salutaris
1054 281 1277 347 interpres
1287 277 1455 345 fueris.
1480 283 1496 316 ³
1523 282 1613 324 Po·
1679 319 1680 336 χ

305 362 485 431 stulate
521 372 651 423 aequa
678 387 694 409 ,
735 351 793 404 &⁹
823 351 968 415 ferte.
1007 352 1285 413 Quanquam
1321 344 1400 395 vel
1434 341 1614 408 iniquis
1679 337 1680 389 f

305 429 525 493 standum
553 423 612 487 est
641 421 798 488 potius
816 453 830 474 ,
865 418 1004 483 quam
1031 415 1200 482 impias
1223 415 1344 463 inter
1368 429 1445 460 nos
1468 409 1615 473 conse-

323 512 480 546 ramus
513 506 691 540 manus.

120 571 301 629 ζῳὸν-
392 562 540 611 XLI.
581 558 640 605 T.
676 549 922 618 Quinv'ius
953 547 1128 618 plenus
1156 545 1481 613 lacrymarum
1505 578 1520 602 ‚
1552 537 1617 591 ad

104 622 299 712 ἵζ’ρζζζζη
325 630 442 681 suos
465 624 660 683 versu5‚
687 629 763 671 Me
784 635 962 686 quoque
977 653 992 675 ,
1017 613 1181 684 inquit
1196 653 1211 676 ,
1231 612 1435 667 milites,
1446 609 1492 676 fi
1507 610 1616 674 quis

105 717 272 757 bortatur.
325 699 430 762 usus
447 695 540 746 mei
558 692 617 756 8st
627 727 641 747 ³
659 685 894 738 meliorem
905 686 1039 752 pacis
1056 685 1195 749 quam
1215 679 1331 731 belli
1345 678 1522 727 habetis
1539 676 1620 722 du-

329 782 445 816 cem.
471 769 572 812 Non
590 758 709 808 enim
730 752 820 809 illa
841 751 966 802 modo
986 751 1199 815 Volscus,
1221 763 1300 797 aut
1320 745 1496 795 Samnis
1510 777 1525 798 ,
1535 742 1620 806 sed

330 839 557 884 Romanus
574 825 716 875 verba
730 822 852 889 fecit
864 856 879 877 ,
898 819 1044 883 vester
1061 815 1241 881 consul,
1261 814 1406 878 vester
1421 813 1620 876 impera-

329 916 401 950 tor
416 935 431 956 ,
451 895 628 947 milites
648 914 662 940 .·
683 895 810 950 cujus
830 888 1036 952 auspicia
1050 899 1134 952 pro
1153 884 1286 933 vobis
1310 880 1513 946 experti,
1543 893 1620 924 no·-

329 967 418 1017 lite
448 965 671 1014 advers-its
703 975 786 1006 vos
820 953 945 1004 velle
979 952 1193 1020 experiri.
1231 949 1331 1014 Qui
1357 956 1620 1014 pugnarent

331 1035 568 1098 vobiscum
590 1025 796 1093 infestius
813 1059 828 1080 ,
854 1021 913 1076 &¹
935 1020 1052 1070 alios
1076 1021 1210 1068 duces
1218 1019 1406 1081 senatus
1425 1011 1585 1061 habuit
1602 1029 1619 1057 .·

333 1103 420 1170 qui
460 1094 655 1149 maximi
695 1091 830 1141 vohis
859 1089 964 1154 suis
999 1085 1235 1137 militibus
1264 1094 1476 1150 parceret
1497 1114 1514 1139 ‚
1543 1076 1622 1125 cui

327 1167 590 1238 plurimum
626 1178 709 1212 vos
738 1156 1007 1225 imperatori
1039 1154 1185 1218 vestro
1215 1148 1460 1199 crederetis
1479 1181 1495 1202 ,
1519 1160 1622 1193 eum

334 1235 498 1302 elegit.
524 1239 687 1282 Pacem
704 1263 719 1285 ,
745 1228 884 1276 etiam
906 1223 990 1290 qui
1010 1223 1197 1271 vincere
1211 1216 1413 1285 poffunt,
1438 1211 1622 1262 volunt.

335 1304 452 1371 quid
476 1319 552 1350 nos
576 1295 702 1347 velle
726 1307 895 1362 oportet
916 1292 940 1339 ἒ
960 1291 1089 1355 Quin
1107 1324 1122 1345 ,
1146 1286 1310 1354 omiffis
1335 1281 1409 1331 irai
1434 1280 1492 1334 &¹
1507 1280 1589 1346 spe
1605 1312 1622 1333 ,

324 1369 588 1438 fallacibus
622 1363 916 1415 auc‘loribus,
943 1375 1021 1405 nos
1051 1357 1169 1424 ipsos
1205 1352 1438 1416 nostraque
1473 1347 1625 1394 omnia

168 1456 302 1494 Seditt‘o
340 1438 531 1505 cognitae
557 1429 875 1502 permittimus
894 1425 1013 1493 fidei
1034 1424 1059 1471 ,ἓ
1084 1415 1491 1489 Approbantibus
1524 1410 1625 1462 cla-

118 1505 308 1555 ⁶⁹⁶²P0fit⁶‘·
342 1521 479 1556 more
508 1498 699 1553 cunffis
718 1535 733 1558 ‚
761 1497 820 1546 T.
846 1490 1090 1556 Quintius
1117 1501 1229 1539 ante
1250 1485 1380 1553 figna
1402 1479 1627 1552 progres-

341 1575 420 1630 sus
440 1609 456 1633 ‚
485 1570 536 1621 in
559 1563 797 1638 potestate
834 1557 1086 1611 distatoris
1111 1553 1292 1607 miIites
1324 1550 1432 1601 fore
1468 1547 1628 1603 dixit:

342 1638 606 1706 oravitque
637 1645 694 1684 ut
728 1629 919 1681 causam
952 1625 1240 1675 miserorum
1270 1618 1457 1671 civium
1483 1612 1628 1665 susci-

340 1721 483 1826 {eret
508 1733 520 1766 ·‚
545 1702 913 1769 susceptamque
937 1691 1108 1744 eadem
1139 1689 1235 1740 fide
1258 1727 1272 1750 ,
1309 1684 1407 1754 quit
1431 1698 1631 1750 rempu-

373 1776 523 1825 ‘licam
549 1765 877 1821 administrare
901 1759 1070 1812 solitus
1091 1756 1208 1809 esset
1224 1794 1239 1818 ,
1260 1765 1502 1805 tueretur.
1530 1749 1630 1799 Sibi

334 1846 387 1912 se
412 1840 646 1911 privatim
679 1832 801 1885 nihil
835 1847 1016 1880 cavere.
1049 1826 1169 1876 nolle
1202 1822 1322 1872 alibi
1353 1856 1369 1878 ,
1405 1818 1543 1886 quam
1577 1818 1629 1865 in

343 1909 605 1962 innocentia
641 1905 768 1969 spem
820 1900 998 1948 habere.
1050 1892 1293 1944 Militibus
1340 1887 1592 1937 cavendum
1609 1919 1628 1941 ,

344 1979 465 2047 quod
493 1975 611 2043 apud
639 1977 800 2020 Patres
815 1963 962 2031 semel
988 1961 1148 2030 plebi,
1172 1961 1340 2009 iterum
1372 1953 1630 2019 legionibus

346 2061 532 2094 cautum
549 2040 614 2108 fit
633 2074 647 2096 ,
672 2054 725 2085 ne
740 2034 907 2100 fraudi
921 2030 1099 2097 seceffio
1132 2027 1247 2094 effet.
1287 2020 1504 2085 Quintio
1527 2016 1632 2067 col..

346 2110 547 2162 laudato
565 2146 582 2172 ,
606 2103 785 2156 ceteris
814 2099 1001 2150 bonum
1026 2095 1242 2146 animum
1264 2089 1444 2140 habere
1467 2084 1596 2152 juss'xs
1614 2122 1635 2146 ‚

349 2178 559 2231 diCtator
593 2189 726 2242 equo
761 2167 914 2220 citato
947 2162 1006 2216 ad
1035 2161 1207 2214 urbem
1243 2155 1469 2210 rev-estus
1489 2192 1507 2215 ,
1538 2169 1628 2203 au-

402 2357 416 2392 3
450 2339 634 2394 Postulate
656 2348 761 2392 aequa
776 2362 787 2379 ,
815 2338 867 2378 <9⁶
883 2330 962 2384 fcr-
1014 2324 1138 2382 posset
1157 2322 1322 2377 exponi,
1346 2318 1512 2374 perferte
1529 2344 1542 2364 ‚
1565 2328 1633 2355 ac·

350 2404 417 2449 te]
436 2399 471 2435 Si
485 2398 525 2435 τὸ
531 2393 628 2448 ferte
644 2389 706 2429 hic
723 2388 867 2428 dffium
883 2383 959 2432 est,
1016 2384 1131 2435 cipite
1184 2389 1312 2430 aequas
1371 2371 1628 2413 conditiones.

349 2446 689 2505 quemadmodum
759 2442 966 2494 vulgatum
1020 2441 1130 2475 Tunc
1162 2434 1264 2473 ratio
1302 2427 1536 2468 antithcseos
1567 2435 1634 2462 ex-

347 2505 453 2546 illud
476 2503 572 2555 ferre
595 2497 821 2539 conditiones
848 2521 859 2540 ‚
894 2506 964 2545 pa·
1020 2489 1149 2542 pedita
1188 2489 1228 2525 ὃ(
1263 2483 1371 2523 clara
1412 2476 1518 2520 esset.
1563 2475 1632 2515 Sed

350 2574 440 2600 rum
460 2554 589 2596 differt
608 2553 659 2593 ab
678 2566 725 2591 eo
744 2549 849 2603 quod
869 2560 965 2600 prae-
1019 2552 1199 2591 veremur
1231 2552 1278 2577 ne
1309 2539 1410 2576 hanc
1443 2532 1632 2582 interpre-

348 2615 452 2653 ceffit
480 2607 672 2666 postulate.
718 2607 819 2643 Hinc
852 2601 966 2640 nobis
1020 2600 1211 2636 'tationem
1231 2604 1310 2631 non
1333 2578 1506 2645 patiat'ur
1528 2585 1634 2626 Lati·

346 2670 389 2708 in
422 2675 593 2706 mentem
627 2660 810 2704 veniebat
828 2686 841 2707 ,
869 2668 965 2695 num
1019 2654 1060 2692 ni
1082 2650 1271 2692 sermonis
1297 2645 1529 2700 proprietas·
