1680 3110
307 116 442 196 256
713 117 791 180 T.
874 120 924 180 L
971 139 994 180 1
1041 140 1086 185 v
1133 142 1157 184 1
1206 127 1234 183 ἰ

105 194 616 267 U·c·4³5·proceribus-
641 198 873 249 Romanis
914 218 1091 253 vocem
1124 202 1326 254 liberam
1362 198 1590 252 miffurus

103 254 140 284 ²⁸
155 249 291 296 0⁴³¹7·
315 265 479 316 fuerit.
520 266 851 327 Quantalibet
874 268 1160 334 magnitudo
1181 269 1392 320 hominis
1415 268 1584 318 conci-

314 333 476 400 piatur
506 331 667 381 animo
686 371 700 392 ‚
727 333 871 383 unius
903 349 1061 384 tamen
1093 352 1149 385 ea
1183 335 1464 403 magnitudo
1494 334 1586 384 ho·

316 398 459 447 minis
484 398 603 459 erit,
627 398 832 449 collecta
855 401 1000 467 paulo
1024 401 1132 469 plus
1152 401 1323 454 decem
1347 418 1587 453 annorum

137 470 291 504 Fortuna
314 462 551 513 felicitate
572 482 583 514 :
606 483 751 533 quam
776 467 863 536 qui
884 484 943 517 eo
967 469 1243 531 extollunt,
1270 469 1408 538 qubd
1428 485 1586 535 popu-

100 517 388 598 ‘ffl‘22375-1us
426 532 673 582 Romanus
711 534 793 583 etsi
830 533 966 584 nullo
1007 535 1138 585 bello
1163 572 1178 593 ,
1219 536 1386 587 multis
1420 549 1584 584 tamen

98 611 147 644 aio
181 623 251 645 cam
311 596 482 665 praeliis
504 598 662 649 vietus
682 598 762 660 fit,
793 600 1067 651 Alexandro
1090 602 1272 653 nullius
1291 618 1461 670 pugnae
1485 617 1584 651 non
1656 658 1659 662 ¹

91 656 235 742 {g'r‘um‘
310 663 519 714 secunda
543 663 742 716 fortuna
766 665 917 717 fuerit
933 707 948 728 ‚
971 685 1069 718 non
1091 670 1398 737 intelligunt,
1422 670 1468 718 se
1490 667 1585 716 ho-

130 732 140 743 '
158 707 254 752 R‘m'·
307 730 453 782 minis
483 748 558 780 res
590 732 742 798 gestas
764 773 775 789 ,,
804 737 854 784 &
881 735 984 798 ejus
1014 735 1205 800 juvenis
1223 775 1238 798 ,
1271 754 1385 787 cum
1411 733 1584 802 populi

301 797 402 865 jam
431 807 451 831 2
483 798 937 866 octingentesimum
969 801 1195 853 bellantis
1224 820 1403 853 annum
1436 802 1585 852 rebus

304 864 553 917 conferre.
598 867 838 917 Miremur
866 904 882 928 ‚
922 866 954 915 fi
983 905 1000 929 ,
1041 887 1196 937 quum
1229 887 1288 920 ex
1322 869 1413 919 hac
1442 882 1582 936 parte

305 941 326 975 3
356 931 514 982 secula
535 931 672 999 plura
694 949 1015 985 numerentur
1036 973 1052 997 ‚
1083 935 1232 1003 quam
1254 953 1313 986 ex
1334 935 1415 987 illa
1438 935 1582 996 anni,

301 999 415 1069 plus
436 999 486 1048 in
510 1014 608 1049 tam
635 999 783 1068 longo
807 1002 960 1071 spatio
976 1039 991 1063 ,
1015 1002 1165 1069 quarn
1187 1003 1239 1053 in
1259 1017 1397 1053 aetate
1418 1001 1582 1052 trede-

302 1067 401 1116 cim
425 1083 663 1118 annorum
695 1067 898 1119 fortuna
927 1068 1218 1121 variaverit?
1240 1069 1382 1134 Quin
1410 1084 1465 1120 tu
1487 1068 1581 1118 ho-

301 1132 446 1183 minis
468 1150 582 1184 cum
605 1133 804 1185 homine
823 1174 836 1196 ,
860 1138 911 1186 &
932 1134 1072 1186 ducis
1096 1153 1210 1186 cum
1233 1135 1392 1198 duce,
1417 1135 1579 1186 fortu-

299 1217 413 1251 nam
437 1217 549 1251 cum
573 1200 771 1253 fortuna
795 1199 990 1252 confers
1011 1211 1032 1250 ?v
1049 1206 1197 1267 Quot
1220 1205 1462 1253 Romanos
1487 1202 1581 1254 du-

299 1284 387 1318 ces
415 1267 694 1330 nominem,
717 1269 896 1337 quibus
923 1285 1173 1337 nunquam
1197 1269 1392 1321 adversa
1414 1268 1579 1320 fortu-

297 1351 360 1384 na
385 1349 556 1402 pugnae
585 1334 718 1386 fuit?
745 1336 950 1403 Paginas
979 1335 1028 1384 in
1060 1334 1311 1387 annalibus
1333 1336 1578 1404 magistra-

296 1414 440 1452 tuum
465 1400 691 1471 fastisque
713 1419 998 1472 percurrere
1019 1401 1164 1464 licet,
1188 1403 1443 1454 consulum
1461 1442 1476 1466 ‚
1500 1402 1577 1454 di-

294 1469 637 1536 &suorumque
657 1509 673 1531 ,
700 1488 913 1538 quorum
935 1486 1030 1519 nec>
1045 1469 1243 1520 virtutis
1260 1509 1276 1532 ,
1298 1487 1389 1521 nec
1412 1469 1574 1522 fortu-

290 1551 362 1586 nae
387 1535 491 1586 ullo
521 1535 599 1586 die
622 1536 860 1605 populum
893 1539 1166 1587 Romanum
1189 1537 1444 1604 poenituit.
1478 1540 1573 1600 Et,

291 1619 397 1670 quo
434 1601 526 1652 fint
558 1603 879 1654 mirabiliores
904 1643 919 1666 ,
957 1602 1108 1671 quarn
1143 1604 1419 1655 Alexander
1440 1641 1455 1664 ,
1486 1618 1574 1656 aut

292 1670 551 1737 quisquam
573 1680 659 1722 'rex
676 1709 691 1733 ‚
716 1670 868 1721 denos
889 1709 903 1732 ,
928 1670 1226 1739 vicenosque
1247 1669 1349 1722 dies
1370 1670 1572 1741 quidam

293 1736 617 1799 dictaturam,
640 1755 787 1788 nemo
816 1737 927 1805 plus
960 1739 1108 1805 quam
1137 1755 1316 1788 annum
1349 1737 1571 1789 consula-

291 1817 400 1854 tum
434 1804 573 1871 geffit
596 1823 607 1855 :
633 1805 693 1855 ab
727 1805 939 1856 tribunis
974 1803 1129 1871 plebi—s
1167 1804 1384 1856 delectus
1415 1806 1572 1875 impe-

286 1865 381 1921 diti
410 1871 521 1923 sunt
551 1888 564 1920 z
597 1871 704 1941 post
737 1886 930 1940 tempus
962 1870 1021 1921 ad
1057 1870 1184 1922 bella
1220 1872 1382 1923 ierunt
1412 1890 1423 1923 τ
1455 1887 1569 1924 ante

288 1952 519 2006 tempuS,
540 1938 863 1990 comitiorum
895 1937 1074 2000 causa,
1103 1939 1323 1991 revocati
1353 1939 1493 1991 sunt:
1515 1939 1569 1990 in

284 2003 392 2071 ipso
427 2019 608 2057 conatu
646 2023 810 2057 rerum
843 2005 1137 2073 circumegit
1171 2007 1219 2056 se
1251 2023 1436 2057 annus:
1463 2005 1569 2056 col-

283 2069 405 2137 legae
440 2087 572 2122 nunc
611 2073 892 2134 temeritas,
917 2089 1047 2123 nunc
1086 2072 1331 2142 pravitas,
1362 2071 1568 2142 impedi-3

284 2153 454 2189 mento
489 2153 573 2190 aut
604 2140 783 2191 damno
803 2139 933 2193 fuit:
957 2138 1080 2191 male
1103 2138 1247 2208 gestis
1271 2139 1416 2193 rebus
1448 2139 1568 2192 alte·

340 2315 362 2340 2
395 2301 771 2356 OHingentefimum]
804 2307 891 2344 Nu·
950 2302 1016 2344 h'ic
1048 2302 1271 2357 intelligunt
1301 2315 1429 2344 aetates
1444 2332 1458 2352 ,
1486 2301 1567 2344 five

281 2368 410 2396 metat
427 2360 553 2396 Livius
573 2357 623 2396 ad
646 2357 756 2396 suam
776 2359 894 2411 usque
947 2360 1062 2404 >ends
1085 2387 1097 2406 ,
1128 2358 1261 2411 quales
1303 2360 1343 2396 in
1381 2357 1562 2410 quolibet

280 2422 451 2450 aetatem.
509 2411 709 2450 Scribebat
762 2424 895 2451 autem
948 2425 1103 2450 centum
1123 2425 1322 2450 annorum
1339 2412 1464 2464 spatio
1480 2424 1559 2451 tet-

281 2466 365 2503 haec
392 2466 496 2504 circa
519 2477 667 2504 annum
692 2477 730 2504 u.
754 2479 788 2505 c.
808 2466 894 2519 plus
949 2479 1005 2504 nae
1041 2469 1288 2504 continentur
1316 2494 1328 2513 ,
1360 2469 1413 2504 ita
1444 2479 1484 2504 ut
1517 2463 1565 2503 in

280 2521 413 2557 minus
426 2531 473 2566 73
486 2529 520 2562 ς.
949 2531 994 2567 73
1007 2530 1042 2566 5.
1062 2522 1170 2558 annis
1189 2519 1268 2558 duo
1287 2522 1327 2558 ὃς
1343 2521 1484 2575 viginti
1494 2518 1566 2558 :se-

334 2585 349 2619 3
393 2570 522 2610 Secula
552 2572 698 2628 plum]
739 2576 894 2626 Magno
949 2573 1036 2615 cula
1061 2586 1335 2615 numerentur,

277 2625 470 2666 consensu
505 2628 582 2669 viti
616 2626 721 2667 desti
767 2625 898 2680 secula
