1680 3110
325 110 414 181 92'
712 108 1214 178 T.L1v11

114 183 204 222 U·c·
220 196 306 232 394-
327 184 503 238 &baculi
530 189 683 256 magis
705 210 841 243 more
859 234 874 256 ‚
899 195 1047 265 quam
1071 198 1178 267 lege
1203 197 1317 250 belli
1341 197 1611 251 destituuna

113 235 290 280 a.C.358

297 264 407 304 'tur
439 293 455 315 ,
495 271 806 325 nequaquam
839 263 944 313 visu
984 281 1040 314 ac
1072 267 1230 333 specie
1261 265 1606 318 aestimantibus

253 334 269 350 ὦ
323 337 477 390 pares,
523 323 723 397 Corpus
769 325 907 378 alteri
950 333 1284 399 magnitudine
1329 332 1606 396 eximium,

322 385 606 438 verficolon
630 391 760 443 veste
780 430 794 452 ‚
817 394 1056 467 pictisque
1090 402 1139 449 δε
1174 408 1293 451 au‘ro
1323 400 1499 451 caelatis
1525 417 1606 449 r-e-

321 451 518 520 fulgens
549 457 692 507 armis
713 461 900 514 :media
929 465 989 514 in
1023 464 1178 517 altero
1203 467 1425 518 militaris
1456 467 1604 517 statu-

320 535 373 569 ra
391 558 406 581 ,
431 521 725 591 modicaque
755 527 804 577 in
837 531 980 581 armis
1001 531 1247 584 habilibus
1274 534 1424 601 magis
1451 533 1605 602 quam

323 584 518 637 decoris
549 590 751 657 species.
782 611 881 646 non
916 613 1089 650 cantus
1118 638 1132 659 ,
1177 618 1274 652 non
1308 599 1602 663 exsultatio,

289 675 294 681 ·
321 670 689 728 armorumque.
706 661 904 736 agitatio
933 682 1056 716 vana
1077 684 1087 716 :
1112 667 1190 717 sed
1222 667 1390 733 pestus
1417 665 1605 717 animo-

322 736 433 769 rum
469 739 646 791 iraeque
679 740 834 779 taeitae
870 730 1070 798 plenum
1091 771 1107 793 ,
1142 751 1337 784 omnem
1363 733 1604 785 ferociam

322 786 376 836 in
403 786 658 841 discrimen
691 792 846 862 ipsum
881 800 1160 850 certaminis
1194 799 1457 853 distulerat.
1503 800 1603 851 Ubi

323 854 585 906 constitere
604 859 732 909 inter
751 861 870 913 duas
889 866 1016 915 acies
1034 905 1047 926 ,
1070 881 1145 916 tot
1165 867 1298 918 circa
1319 867 1603 918 mortalium

323 920 496 972 animis
525 925 603 991 spe
639 942 872 997 metuque
906 932 1234 999 pendentibus
1262 958 1276 996 3
1312 934 1482 985 Gallus
1513 950 1599 985 ve-

322 985 398 1037 lut
433 989 587 1040 moles
617 992 819 1061 superne
851 998 1109 1050 imminens
1130 1039 1144 1062 ,
1181 1011 1208 1044 4
1232 1001 1452 1070 projecto
1484 1000 1604 1053 laeva,
1665 1025 1669 1030 ·

321 1054 464 1106 scuto
485 1094 500 1116 ,
533 1056 582 1107 in
604 1058 909 1114 advenientis
933 1083 1060 1117 arma
1082 1067 1231 1117 hostis
1253 1086 1433 1120 vanum
1460 1077 1482 1110 5
1506 1085 1598 1118 cae-

321 1118 406 1170 fim
436 1140 551 1173 cum
582 1123 770 1193 ingenti
805 1132 967 1183 sonitu
997 1136 1159 1184 ensem
1187 1134 1382 1200 dejecit.
1420 1138 1599 1185 Roma-

318 1203 413 1237 nus
431 1226 445 1248 ,
467 1207 705 1243 mucrone
728 1197 940 1248 surrecto
961 1239 976 1261 ,
1006 1200 1042 1240 ⁶2
1061 1219 1216 1269 quum
1242 1203 1433 1253 scutum
1456 1203 1602 1253 scuto
1671 1211 1673 1215 ‘

318 1252 473 1306 imum
506 1259 813 1324 perculisset,
841 1279 1051 1334 totoque
1088 1285 1294 1337 corpore
1335 1279 1357 1311 7
1390 1268 1597 1327 interior

316 1322 541 1388 periculo
579 1325 795 1380 vulneris
833 1330 989 1383 fastus
1014 1373 1029 1395 ‚
1071 1334 1342 1386 infinuaffet
1382 1330 1428 1385 se
1466 1337 1596 1387 inter
1672 1378 1675 1384 .

317 1404 499 1456 corpus
535 1408 794 1462 armaque,
830 1416 931 1449 uno
967 1399 1220 1471 alteroque
1257 1402 1457 1455 subinde
1492 1402 1594 1454 istu

316 1470 540 1507 ventrem
573 1474 721 1528 atque
757 1464 957 1531 inguina
987 1466 1142 1518 hausit
1165 1509 1180 1530 ,
1215 1473 1265 1521 &
1300 1470 1349 1519 in
1386 1471 1593 1536 spatium

314 1520 489 1588 ingens
519 1541 746 1579 ruentem
774 1532 989 1599 porrexit
1020 1533 1221 1588 hostem.
1249 1536 1452 1603 jacentis
1480 1536 1596 1587 inde

314 1603 495 1654 corpus
517 1628 531 1650 ,
557 1591 614 1641 ab
639 1598 772 1646 omni
797 1599 887 1649 alia
909 1601 1170 1652 vexatione
1192 1603 1428 1654 intactum
1449 1640 1465 1664 ,
1491 1621 1598 1653 uno

315 1668 495 1722 torque
521 1659 741 1726 spoliavit
762 1687 777 1724 3
801 1683 947 1732 quern
972 1668 1236 1735 respersum
1260 1687 1467 1731 cruore,
1493 1669 1594 1719 col-

312 1719 379 1794 lo·
400 1722 727 1796 circumdedit
762 1732 863 1781 suo.
901 1733 1149 1784 Defixerat
1181 1754 1333 1804 pavor
1366 1753 1479 1786 cum
1510 1736 1593 1787 ad-

313 1804 574 1841 miratione
610 1795 793 1847 Gallos.
832 1800 1036 1850 Romani
1075 1801 1254 1853 alacres
1287 1803 1346 1853 ab
1385 1803 1590 1853 statione

312 1852 511 1908 obviam
544 1858 690 1913 militi
724 1865 809 1917 suo
843 1867 1110 1935 progreffi,
1142 1869 1443 1937 gratulantes
1479 1869 1587 1922 lau-

313 2018 414 2059 ludit
435 2022 561 2061 Livius
581 2023 632 2063 ad
655 2024 924 2077 gladiatorum
979 2028 1075 2069 stem
1094 2029 1274 2082 dejiceret
1289 2059 1301 2078 ,
1322 2034 1362 2070 &
1378 2059 1391 2080 ,
1413 2031 1586 2072 occasio-

310 2087 475 2127 pugnas-
978 2097 1025 2122 ne
1049 2083 1139 2123 data
1162 2098 1205 2122 ex
1228 2088 1376 2124 incerto
1399 2086 1437 2123 ὅ(
1461 2087 1587 2125 vacil—

367 2141 394 2176 4
424 2128 619 2180 ProjeHo]
656 2133 756 2171 Ante
774 2134 810 2173 se
830 2147 923 2187 pro·
978 2137 1075 2176 lanti
1097 2141 1176 2189 ejus
1197 2150 1306 2177 motu
1327 2168 1337 2186 ‚
1367 2139 1441 2176 sese
1464 2137 1588 2191 posset
1636 2148 1639 2154 “

310 2179 411 2220 lato.
978 2193 1078 2229 inter
1111 2205 1256 2245 corpus*
1282 2195 1362 2245 ejus
1396 2205 1590 2247 armaque

367 2245 384 2280 5
428 2234 584 2286 Caesim]
632 2237 755 2278 Gallis
799 2240 922 2292 gladii

311 2288 503 2340 ptaelongi
522 2302 630 2330 erant
646 2320 656 2338 ‚
675 2306 721 2331 ac
740 2291 814 2333 fine
832 2308 921 2334 mu-

312 2343 499 2381 cronibus
531 2360 539 2382 :
571 2344 660 2383 teste
704 2350 815 2386 Livio
842 2377 853 2395 ,
889 2349 917 2388 l.

311 2399 440 2433 XXII.
469 2411 503 2436 c.
534 2405 599 2445 46.
632 2403 766 2451 Itaque
793 2401 919 2441 caefim

309 2447 466 2489 tantum
494 2449 609 2490 ferire
633 2465 814 2504 poterant
841 2457 916 2496 ho·

309 2501 422 2540 stem.

353 2563 376 2591 6
391 2556 677 2609 Qteun1ftzttum
687 2559 789 2611 scuto
804 2562 918 2601 imum

302 2608 536 2663 perculzffet]
565 2615 619 2651 Ut
636 2612 681 2652 de
698 2615 821 2667 gradu
840 2618 915 2657 ho-

975 2242 1179 2285 insinuate.

1026 2364 1050 2395 7
1083 2353 1251 2392 Interior
1269 2352 1424 2405 periculo
1450 2352 1582 2392 vulne·

975 2404 1060 2454 ris]
1092 2410 1198 2444 Intra
1229 2407 1347 2444 istum
1378 2406 1528 2458 gladii,
1553 2409 1586 2445 i.

975 2473 1007 2497 e.
1036 2462 1198 2511 propior
1227 2458 1359 2507 hosti,
1389 2457 1508 2512 quam
1538 2472 1584 2500 ut

975 2512 1109 2563 gladio
1132 2516 1211 2565 ejus
1228 2542 1239 2560 ‚
1267 2516 1333 2565 qui
1362 2513 1584 2570 ptaelong-us

974 2578 1083 2614 erat,
1111 2580 1156 2604 ac
1185 2566 1309 2604 caesun
1340 2566 1492 2605 tantum
1521 2569 1577 2606 ic-

974 2619 1127 2670 ticbat,
1151 2618 1273 2674 poffet
1302 2619 1514 2664 vulnerati.
