1680 3110
282 211 415 279 '268
692 196 1216 264 T-Lrvrr

80 291 483 362 U.c.440.habuzffe
515 309 529 337 .·
558 292 804 347 juventute
849 279 907 332 (θ’
945 276 1088 327 armis
1127 270 1348 322 Samnites
1383 262 1571 333 juvzffi5

84 367 170 408 ³⁴8·
190 376 275 411 312·
293 361 485 430 Fugatis
507 355 613 404 inde
633 347 914 400 Samnitibus
931 380 946 401 ‚
971 339 1147 392 incerte?
1168 350 1283 404 pace
1301 352 1434 402 agere
1450 369 1464 389 ‚
1485 349 1566 381 nec

296 428 560 481 claudentes
585 433 744 486 portas
779 412 992 462 Romanis
1009 444 1024 466 ,
1048 425 1101 456 ne
1131 403 1344 470 arceffant
1363 399 1533 451 bellum
1549 414 1572 458 ‚·

295 497 361 551 (γ’
392 492 630 556 obstinatos
662 481 905 535 claudere,
925 477 972 543 si
1005 474 1227 525 exercitus
1260 471 1575 518 admoveatur.

298 571 356 619 ln
389 578 442 610 ea
464 552 764 622 flustuatione
798 547 1050 595 animorum
1079 576 1095 597 ,
1132 536 1324 605 opprimi
1367 535 1575 582 incautos

295 627 426 698 poffi.
457 621 548 674 His
580 613 864 669 auctoribus
891 623 1025 662 mota
1047 602 1247 674 propius
1269 597 1448 651 castra:
1468 596 1576 646 mis-

288 694 439 763 ¹{ique
463 687 638 740 eodem
661 695 884 749 tempore
917 689 939 712 2
963 676 1093 726 circa
1125 671 1219 721 tria
1251 665 1430 735 oppida
1452 661 1580 715 mili-

303 778 381 814 tes
395 800 410 822 ,
431 755 608 827 partim
626 747 796 801 armati
810 786 823 809 ,
840 745 927 814 qui
947 739 1134 795 occulti
1156 736 1432 805 propinqua
1454 744 1581 780 moe-

307 828 457 881 nibus
497 819 755 881 infiderent
782 813 934 873 loca;
976 807 1153 877 partim
1198 800 1356 868 togati
1388 838 1403 860 ‚
1442 795 1587 848 tectis

308 894 442 954 veste
475 886 648 959 gladiis
668 924 684 946 ‚
703 880 791 949 qui
812 879 897 933 sub
925 877 1088 927 lucem
1118 869 1296 939 apertis
1330 865 1483 934 portis
1504 879 1584 914 ur-

312 964 402 1015 bes
420 954 812 1026 ingrederentur.
850 957 868 991 3
899 943 975 993 Ab
999 943 1056 993 iis
1079 937 1215 989 fimul
1238 931 1462 986 custodes
1483 945 1589 980 tru-

313 1027 471 1081 cidari
493 1020 689 1091 coepti,
710 1013 849 1066 fimul
878 1011 1049 1063 datum
1069 1006 1256 1074 fignurn
1285 997 1507 1058 armatis»,
1533 1009 1593 1047 ut.

318 1113 382 1154 ex
412 1090 593 1146 insidiis
630 1092 999 1137 concurrerent.
1027 1076 1094 1125 ita
1131 1084 1280 1141 portae
1308 1077 1594 1134 occupatae,

317 1163 515 1231 triaque
551 1152 732 1225 oppida
769 1150 939 1201 eadem
970 1141 1122 1200 horst,
1151 1136 1428 1201 eodemque
1467 1146 1596 1181 con-

319 1230 457 1291 filio,
479 1239 635 1292 capta.
682 1216 781 1269 Sed
812 1214 927 1284 quia
966 1205 1243 1262 absentibus
1267 1201 1476 1252 ducibus
1504 1197 1598 1246 im-

322 1312 470 1369 petus
504 1291 570 1343 est
606 1286 764 1339 factus
784 1323 798 1346 ‚
824 1280 987 1333 nullus
1023 1273 1200 1340 modus
1224 1267 1434 1327 caedibus
1463 1263 1600 1322 fuit;

149 1381 314 1425 ‘Ausones
327 1364 591 1428 deletaque
621 1354 876 1406 Ausonum
907 1361 1052 1414 genS,
1081 1342 1165 1393 vix
1199 1350 1337 1393 certo
1363 1330 1604 1383 defecti&

123 1434 244 1474 ‘'dm'-
329 1433 405 1487 nis
437 1426 638 1481 crimine
664 1459 680 1486 ,
720 1414 924 1489 perinde
964 1428 1020 1464 ac
1051 1407 1085 1461 fi
1129 1400 1437 1460 interneciuo
1470 1395 1606 1450 bello

330 1495 569 1556 certasset.

400 1565 581 1616 XXVI.
618 1553 807 1608 Eodem
842 1564 969 1601 anno
989 1584 1002 1608 ,
1028 1540 1226 1612 prodito
1260 1534 1484 1589 hostibus
1510 1533 1612 1581 Ro-

339 1650 486 1689 mano
509 1623 722 1697 praefidio
744 1661 758 1684 ,
782 1613 987 1671 Luceria
1008 1607 1297 1663 Samnitium
1327 1601 1461 1654 faeta.
1500 1603 1613 1649 Nec

342 1700 429 1753 diu
452 1689 789 1766 proditoribus
813 1679 1051 1751 impunita
1070 1693 1146 1728 res
1178 1672 1289 1725 fuit.
1325 1667 1470 1722 Haud
1498 1683 1616 1734 pro·
1661 1696 1663 1698 -

346 1767 433 1821 cul
450 1762 563 1817 inde
584 1755 833 1812 exercitus
857 1754 1107 1801 Romanus
1133 1754 1266 1794 erat:
1291 1737 1435 1804 cujus
1457 1733 1620 1802 primo

346 1836 538 1904 impetu
571 1827 690 1880 urbs
711 1863 727 1887 ,
756 1821 841 1874 fita
864 1819 913 1868 in
943 1814 1119 1885 plane,
1150 1807 1359 1876 capitur.
1391 1796 1622 1854 Lucerini

345 1919 406 1961 ac
445 1895 684 1953 Samnites
719 1889 781 1943 ad
814 1880 1199 1938 internecionem
1222 1872 1321 1932 caefi
1344 1870 1536 1937 :eoque
1552 1866 1625 1916 ira

350 1964 581 2039 proceffit
602 2001 619 2024 ,
648 1974 706 2012 ut
731 1961 896 2010 Romae
924 1963 1126 2020 quoque
1149 1984 1164 2006 ,
1198 1957 1352 2009 quum
1387 1937 1447 1988 de
1484 1932 1625 1984 colo-

353 2037 430 2089 nis
465 2027 718 2084 mittendis
753 2019 1008 2075 Luceriam
1037 2009 1372 2071 consuleretur
1403 2005 1594 2073 senatus

353 2100 500 2156 multi
515 2093 768 2149 delendam
781 2088 954 2141 urbem
965 2081 1232 2134 censerent.
1249 2079 1426 2126 Praeter
1439 2067 1631 2126 odium,

356 2167 498 2239 quod
528 2157 820 2216 exsecrabile
851 2155 902 2204 in
938 2150 1015 2202 bis
1052 2159 1222 2213 captos
1258 2154 1394 2195 erat,
1437 2136 1632 2201 longin-

358 2235 524 2306 quitas
545 2243 747 2299 quoque
765 2222 1026 2275 abhorrere
1050 2213 1076 2264 ὲ
1098 2205 1368 2276 relegandis
1398 2217 1496 2253 tam
1517 2217 1634 2269 pro-

362 2303 447 2358 cul
474 2300 534 2358 ab
569 2297 718 2350 domo
749 2289 971 2345 civibuS,
1003 2283 1129 2333 inter
1160 2292 1263 2327 tam
1294 2269 1486 2323 infestas
1517 2282 1633 2334 gen-

363 2385 440 2427 tes
459 2409 471 2430 ,
501 2363 728 2434 cogebat.
757 2355 895 2410 Vicit
917 2366 1080 2405 tamen
1109 2340 1375 2399 sententia,
1398 2350 1454 2388 ut
1471 2335 1636 2385 mitte-

363 2451 533 2491 rentur
569 2428 752 2483 coloni.
793 2423 894 2475 duo
928 2415 1076 2470 millia
1123 2415 1173 2463 &
1202 2402 1458 2478 quingenti
1496 2398 1634 2451 miffi.

363 2502 551 2561 Eodem
581 2514 708 2551 anno
728 2532 744 2558 ,
763 2505 920 2561 quum
947 2481 1110 2537 omnia
1136 2475 1283 2530 infida
1312 2468 1542 2523 Romanis
1568 2466 1638 2516 es·-

1616 2036 1636 2060 U

418 2626 441 2651 2
472 2612 581 2650 circa
611 2606 685 2647 tria
713 2597 881 2657 oppida]
911 2593 974 2638 Ad
1027 2589 1089 2629 his
1108 2603 1117 2628 ε
1136 2597 1272 2636 nempe
1299 2581 1322 2622 ὲ
1345 2579 1515 2633 togatis,
1535 2586 1637 2626 quo-

371 2669 446 2708 πίει
470 2663 583 2704 fimul
609 2657 766 2713 oppida.
1030 2657 1120 2685 rum
1144 2641 1293 2682 mentio
1318 2636 1478 2692 propior
1501 2626 1570 2672 est.

421 2735 438 2769 3
470 2716 544 2763 Ab
572 2717 656 2766 iis]
692 2708 904 2752 Mancinus
927 2701 976 2742 ab
