1680 3110
333 142 465 208 354
753 137 832 202 T.
913 143 1238 217 Ltv·11

175 207 498 262 ‘ww-vinciae
539 212 716 266 sortem
753 235 992 277 tueretur.
1042 233 1276 288 Constare
1318 255 1392 292 res
1425 240 1640 312 incipit'''

168 248 380 324 C‘295‘ex
414 294 475 327 eo
510 293 735 349 ternpore
768 324 780 346 ‚
822 306 924 355 quo
956 296 1164 360 profesti
1200 304 1343 356 ambo
1372 311 1595 363 consules
1626 319 1635 328 ”

320 339 383 390 ad
412 342 596 394 bellum
627 348 750 400 sunt.
782 355 1019 411 Ceterum
1038 399 1051 423 ,
1077 380 1336 436 antequam
1371 376 1594 428 consules

318 406 368 455 in
406 410 651 462 Etruriam
684 423 1026 489 pervenirent,
1061 435 1277 486 Senones
1310 440 1435 503 Galli
1465 444 1596 493 mul-
1629 449 1634 452 '

79 523 84 528 ,
319 472 533 527 titudine
563 479 750 548 ingenti
787 488 846 538 ad
884 493 1103 548 Clufium
1137 519 1411 566 venerunt,
1439 506 1595 575 legio-

117 545 219 598 oalli
236 546 283 581 te-
317 553 430 590 nem
458 545 724 603 Romanam
748 554 995 628 castraque
1019 572 1364 635 oppugnaturi.
1391 573 1554 642 Scipio
1572 614 1588 638 ,

102 603 290 680 ᾗζζζζω
321 607 406 672 qui
429 610 591 664 castris
615 634 813 684 praeerat
832 661 847 684 ‚
872 625 985 679 loco
1018 632 1339 697 adjuvandam
1371 640 1589 708 paucita-

101 686 291 725 circumve-
317 686 415 724 tem
439 678 636 731 suorum
660 685 871 741 militum
893 708 1025 746 ratus
1044 735 1059 759 ‚
1083 699 1131 748 in
1161 703 1340 754 collem
1360 742 1374 765 ,
1400 707 1485 774 qui
1507 709 1588 758 in-

101 733 209 775 nium.
313 753 388 791 ter
417 745 587 796 urbem
620 752 670 799 &
703 754 852 807 castra
886 776 1022 823 erat,
1057 765 1211 817 aciem
1247 771 1416 823 erexit.
1456 774 1588 838 Sed,

308 821 367 858 ut
390 808 439 860 in
463 816 513 862 r'e
536 814 691 868 subita
710 858 725 881 ,
759 841 927 890 parum
955 830 1210 893 explorato
1233 835 1407 897 itinere
1431 839 1489 890 ad
1512 840 1589 904 ju·-

304 888 424 940 gum
458 884 674 946 perrexit
706 925 719 948 ‚
762 892 898 957 quod
934 894 1096 947 hostes
1135 917 1365 970 ceperant
1394 943 1408 966 ,
1446 922 1584 982 parte
1607 926 1611 928 ’
1634 935 1656 974 2<

304 940 395 991 alifi
430 948 615 1012 egreffi.
647 951 713 1001 ita
737 958 859 1006 'caesa
894 961 953 1010 ab
988 978 1129 1031 tergo
1159 966 1323 1034 legio,
1348 985 1496 1039 atque
1530 991 1582 1026 m

301 1008 466 1060 medio
482 1052 497 1074 ‚
524 1033 679 1081 quum
705 1018 854 1072 hostis
878 1029 1098 1097 undique
1122 1049 1347 1100 urgeret,
1370 1038 1582 1090 circum-

300 1090 462 1126 venta.
499 1081 726 1134 Deletam
759 1107 962 1161 quoque
995 1096 1063 1146 ibi
1103 1097 1348 1167 legionem
1373 1142 1387 1165 ‚
1421 1104 1487 1155 ita
1522 1121 1580 1158 ut

299 1143 510 1195 nuncius
533 1164 631 1199 non
656 1152 914 1219 superesset
937 1201 950 1222 ‚
975 1164 1174 1230 quidam
1195 1169 1416 1221 austores
1438 1172 1547 1223 sunt

1023 1230 1033 1238 .
1071 1231 1077 1236 .
1555 1197 1577 1256 ἓ

298 1223 392 1257 nec
426 1212 539 1263 ante
573 1214 632 1265 ad
665 1222 922 1286 consuleS,
947 1246 1033 1301 qui
1064 1248 1160 1295 Jam
1188 1232 1320 1310 haud
1352 1239 1525 1305 procul
1549 1258 1586 1291 a.

119 198 165 235 U.

115 254 151 284 a.

285 1604 438 1668 dant3
464 1626 554 1660 nec
579 1627 768 1667 tantum
790 1620 939 1675 cladis
956 1644 1218 1697 acceptum
1237 1656 1251 1693 3
1277 1637 1330 1684 δε
1354 1635 1567 1688 circum-

287 1674 448 1723 ventis
479 1678 849 1745 pabulatoribus
878 1707 991 1743 cum
1018 1697 1071 1747 L.
1099 1699 1282 1749 Manlio
1306 1703 1565 1771 Torquato

286 1735 486 1804 legato,
522 1746 802 1809 Scipionem
845 1774 1190 1825 propraetorem
1234 1766 1493 1821 subsidium
1533 1772 1565 1824 ὲ

283 1805 450 1858 castris
488 1811 644 1863 tuliffe
678 1835 694 1877 ;
725 1818 1035 1892 victoresque
1073 1830 1316 1894 UmbrOS,
1347 1835 1561 1890 redinte-

231 2294 236 2297 ·
274 2268 394 2322 fecti
418 2273 476 2324 ad
499 2275 681 2336 bellum
704 2301 841 2337 erant
865 2307 977 2341 cum
1003 2311 1216 2362 quatuor
1237 2299 1545 2368 legionibus,

273 2337 326 2386 δε
375 2355 552 2409 magno
605 2350 830 2416 equitatu
878 2358 1098 2413 Romano
1128 2401 1144 2424 ‚
1188 2367 1457 2436 Campanis
1484 2389 1547 2425 ue

274 2403 410 2456 mille
447 2411 699 2477 equitibus
729 2418 931 2474 delestis
964 2427 1022 2477 ad
1055 2428 1104 2479 id
1141 2429 1324 2483 bellum
1363 2436 1428 2488 mi
1469 2456 1543 2502 is,

273 2470 326 2519 δε
347 2480 368 2505 2
391 2474 636 2530 sociorum
669 2486 975 2560 nominisque
998 2496 1156 2547 Latini
1187 2499 1365 2565 majore
1399 2520 1542 2557 exer-

327 2581 347 2605 2
367 2571 550 2611 Sociorum
564 2577 794 2636 nominisque
809 2587 880 2623 La·
935 2589 1126 2641 Romani]
1174 2592 1336 2635 Videtur
1375 2598 1538 2653 aliquod
1597 2602 1602 2605 ’

272 2618 345 2662 tini
373 2628 513 2675 majore
541 2632 704 2672 exercitu
727 2663 741 2685 ‚
766 2638 878 2692 qua‘m
931 2642 1073 2684 vitium
1108 2642 1179 2687 esse
1213 2650 1254 2687 in
1287 2650 1434 2694 duabus
1462 2660 1547 2707 po-'
