1680 3110
59 237 152 273 Ua.
163 245 212 281 40
222 248 232 272 ι
244 264 253 275 .

60 285 149 322 a.C.
167 295 253 328 351.

110 330 227 366 Foedus

64 388 136 411 cum
152 381 254 415 Sam.

61 425 202 467 vitibus.

59 981 254 1024 U.c.4o2.

57 1031 149 1068 a.C.
170 1038 258 1072 3ςο-

106 1079 150 1113 C.
177 1073 255 1111 Sul-

61 1124 251 1168 picioIV.

62 1173 124 1208 M.
162 1173 236 1207 Va-

61 1217 162 1254 lerio
203 1221 253 1260 11.

72 2364 122 2405 Y.
136 2368 248 2402 Man-

57 2411 124 2448 lius
141 2414 248 2452 dieta·

55 2468 124 2502 tor.

287 154 427 213 108·
702 112 1189 216 silvi}

280 235 510 286 Romanis
545 246 707 302 poenae
743 232 964 285 hostibus
996 234 1257 288 redditum.
1301 238 1393 289 Res
1425 239 1558 293 belle
1630 237 1668 306 4².

281 299 406 352 bene
447 300 585 369 gesta:
616 337 631 361 ‚
674 314 730 351 ut
775 301 1014 351 Samnites
1049 320 1252 372 quoque
1294 307 1558 358 amicitiam

281 383 508 436 peterent
532 406 547 429 ,
591 365 877 419 effecerunt.
917 370 1110 436 legatis
1143 387 1313 422 eorum
1347 375 1559 426 comitet

282 434 344 484 ab
383 436 548 485 senatu
587 435 865 502 responsum
904 452 915 484 ε
953 434 1147 487 foedere
1188 435 1238 486 in
1275 438 1559 492 societatem

283 502 491 570 accepti.
522 507 637 551 Non
665 501 835 552 eadem
860 500 992 551 domi
1019 520 1125 570 quae
1153 503 1335 555 militiae
1357 504 1558 558 fortuna
1585 504 1592 507 ’

284 583 388 618 erat
419 567 550 636 plebi
584 571 824 619 Romanae.
857 584 966 619 nam
992 569 1076 618 ets1
1107 571 1330 620 unciario
1356 571 1559 625 foenore

283 632 417 685 fabio
440 635 596 685 levata
621 637 762 685 usura
783 649 885 685 erat
901 674 914 696 ,
948 637 1074 685 sorte
1097 636 1200 705 ipsa
1223 638 1560 692 obruebantur

283 699 458 770 inopes
479 740 495 764 ,
519 711 535 735 1
564 719 844 769 nexumque
875 701 1078 752 inibant.
1107 721 1167 753 eo
1201 721 1290 754 nec
1324 707 1560 773 patricios

284 769 431 819 a‘mbo
455 768 677 819 consules
700 808 713 829 ,
740 785 831 818 nec
854 768 1171 819 comitiorum
1193 787 1359 822 curam
1379 811 1395 833 ,
1420 782 1440 807 ²
1464 792 1555 840 pu-

283 832 477 886 blicave
512 834 664 886 studia
702 853 795 903 prae
830 835 1027 902 privatis
1060 836 1387 889 incommodis
1419 840 1558 906 plebs

284 899 345 950 ad
387 902 602 952 animum
645 901 949 952 admittebat.
997 902 1298 954 Consulatus
1345 920 1558 975 uterque

283 968 413 1035 apud
437 968 668 1037 patricios
692 982 869 1022 manet.
905 968 1149 1020 Consules
1176 970 1326 1021 creati
1352 974 1415 1024 C.
1442 974 1557 1025 Sul-

319 1035 443 1087 icius
465 1036 671 1086 Paeticus
694 1035 926 1104 quartum
944 1074 958 1096 ‚
982 1040 1049 1084 Μ.
1075 1036 1300 1088 Valerius
1324 1039 1558 1090 Publico-

281 1053 325 1154 ἵε
358 1102 555 1153 iterum.
591 1108 650 1153 In
671 1101 856 1154 bellum
885 1103 1141 1153 Etruscum
1171 1104 1410 1155 intentam
1433 1108 1558 1158 civi-

282 1184 430 1221 tatem
460 1208 475 1231 ,
521 1170 636 1236 quia
679 1169 907 1220 Caeritem
946 1169 1183 1238 populum
1222 1172 1556 1227 misericordia

282 1235 715 1304 consanguinitatis
734 1235 1162 1304 Tarquinienfibus
1180 1237 1461 1302 adjunstum
1480 1241 1555 1292 fa-

279 1323 359 1355 ma
391 1303 580 1354 ferebat
603 1342 618 1364 ‚
645 1302 793 1370 legati
826 1302 982 1352 Latini
1014 1303 1072 1354 ad
1104 1302 1313 1355 Volscos
1343 1323 1553 1360 conver-

279 1369 387 1422 tere
410 1410 421 1430 ‚
455 1369 774 1430 nunciantes,
811 1369 1083 1420 exercitum
1117 1371 1445 1441 conscriptum
1476 1394 1555 1426 ar-

279 1451 571 1505 matumque
603 1436 695 1499 jam
728 1438 822 1488 suis
852 1435 1030 1486 finibus
1061 1436 1348 1499 imminere3
1373 1441 1552 1495 deinde

277 1503 657 1573 populabundos
700 1503 749 1553 in
795 1518 964 1570 agrum
1005 1505 1277 1556 Romanum
1312 1523 1551 1561 venturos

279 1571 390 1622 esse.
432 1571 636 1621 Censuit
671 1570 820 1637 igitur
858 1571 1047 1621 senatus
1077 1610 1094 1633 ‚
1135 1587 1357 1623 neutram
1395 1576 1554 1643 negli-

275 1636 485 1707 gendam
535 1654 637 1688 rem
679 1634 770 1687 effe
809 1654 821 1687 ι
865 1636 1079 1704 utroque
1115 1637 1336 1704 legiones
1369 1640 1549 1706 scribi,

276 1704 598 1773 consulesque
621 1703 778 1753 sortiri
802 1704 1076 1771 provincias
1101 1705 1244 1769 juffit.
1282 1706 1563 1779 Inclinavit⁵

275 1770 454 1822 deinde
485 1787 593 1839 pars
626 1772 777 1835 major
809 1787 933 1819 curae
965 1769 1014 1819 in
1044 1772 1299 1821 Etruscum
1329 1772 1550 1839 bellum,

274 1838 531 1906 postquam
569 1836 744 1888 litteris
780 1835 984 1904 Sulpicii
1019 1837 1266 1897 consulis,
1304 1840 1387 1890 cui
1417 1844 1549 1894 Tat-

272 1904 432 1973 quinii
467 1904 719 1971 provincia
749 1917 978 1954 evenerat
996 1940 1011 1964 ‚
1033 1905 1287 1971 cognitum
1327 1906 1439 1970 est‚·
1460 1911 1548 1961 de-

275 1971 565 2040 populatum
588 1985 756 2038 agrum
781 1969 908 2019 circa
933 1973 1166 2020 Romanas
1190 1971 1371 2023 Salinas
1391 2012 1405 2033 ‚
1433 1994 1548 2044 prae-

273 2038 444 2105 daeque
480 2053 665 2106 partem
698 2038 746 2086 in
782 2036 1015 2087 Caeritum
1050 2037 1169 2087 fines
1199 2038 1449 2102 ave&am,
1487 2047 1544 2094 δε

272 2104 407 2156 haud
431 2104 577 2155 dubie
607 2117 913 2163 juventutem
941 2103 1044 2165 ejus
1076 2104 1244 2173 populi
1275 2106 1402 2156 inter
1424 2125 1545 2175 prae-

272 2170 472 2223 datores
494 2169 647 2222 fuiffe.
679 2175 852 2238 Itaque
875 2169 1125 2221 Valerium
1148 2171 1397 2222 consulem
1422 2175 1544 2226 Vol..

272 2239 364 2290 scis
398 2235 673 2307 oppositum
703 2276 718 2299 ,
759 2235 1004 2304 castraque
1039 2235 1097 2287 ad
1130 2237 1276 2288 finem
1310 2242 1546 2292 Tuscula-

273 2323 393 2357 num
428 2304 690 2356 habentem
719 2343 732 2363 ‚
771 2317 1056 2355 revocatum
1092 2304 1203 2355 inde
1241 2306 1431 2357 senatus
1469 2308 1545 2359 di-

273 2373 509 2425 &atorem
533 2371 694 2422 dicere
716 2369 857 2430 iussit.
886 2372 942 2420 T.
967 2369 1202 2422 Manlium
1226 2372 1363 2422 Lucii
1386 2373 1544 2428 filium

271 2440 410 2493 dixit.
434 2443 481 2491 [s
499 2456 654 2509 quum
672 2437 753 2489 fibi
774 2437 1052 2505 magistrum
1075 2438 1301 2507 equitum
1322 2444 1386 2492 A.
1409 2445 1542 2494 Cor-

318 2611 331 2637 1
355 2604 574 2653 Nexumque
587 2597 761 2649 inibant]
775 2598 868 2641 Vid.
979 2612 998 2637 2
1031 2598 1183 2638 Publica
1197 2632 1207 2642 .
1227 2629 1236 2638 .
1253 2601 1380 2654 „Hadia
1398 2609 1413 2654 ]
1445 2609 1531 2643 Stu-

262 2667 346 2706 pot.
372 2666 406 2695 z.
425 2655 475 2695 ad
491 2658 542 2695 11.
563 2665 628 2702 23.
646 2652 773 2706 supra.
923 2652 988 2694 dia
1006 2652 1224 2695 faffionum
1239 2657 1280 2695 in
1299 2657 1512 2709 republica.
