1669 3052
361 120 415 182 L
462 144 487 182 1
533 141 568 184 Β
615 146 654 188 Ε
703 145 743 190 R
836 122 1049 196 VIII.
1225 147 1350 222 169·

66 199 202 253 noris
224 200 295 252 ἒικα
320 200 545 256 familiari
567 224 701 276 parte
725 220 741 254 ³
770 217 940 266 caesum
962 216 1203 289 haruspex
1224 223 1344 276 dici-
1371 247 1564 292 u.c.415.·

66 279 150 317 tur
185 267 436 321 ostendisse
462 290 473 322 z
499 273 684 345 alioqui
721 293 973 350 acceptam
1014 284 1107 337 diis
1137 287 1343 343 hostiam
1367 297 1559 341 ³·C·337·

64 331 159 383 effe
181 354 192 384 :
217 335 453 387 Manlium
472 342 666 409 egregie
685 343 852 398 litasse.
884 355 1035 418 Atqui
1051 356 1161 406 bene
1180 360 1343 419 habet,

62 397 228 468 inquit
252 403 439 454 Decius
456 412 526 473 ,fi
543 412 598 456 ab
627 410 802 477 collega
827 414 1016 467 litatum
1049 423 1120 483 est.
1156 424 1344 477 Instru—

61 464 155 515 &is
185 465 320 532 ficut*
343 471 455 522 ante
484 473 670 524 dicium
694 478 762 527 est
785 480 1040 548 ordinibus
1069 491 1344 557 proceffere

61 529 113 580 in
143 534 315 586 aciem.
349 537 561 589 Manlius
586 539 762 594 dextro
783 583 799 606 ,
827 549 1015 601 Decius
1037 553 1158 607 laevo
1182 575 1343 614 cornu

59 614 274 665 praeerat.
319 602 485 653 Primo
525 607 772 678 utrimque
803 615 953 681 aequis
990 618 1177 674 viribus
1200 664 1214 684 ,
1249 644 1342 678 eo-

58 663 172 726 dem
210 665 381 719 ardore
416 672 689 724 animorum
726 680 988 744 gerebatur
1023 704 1098 737 res
1125 708 1135 740 ε
1159 691 1339 747 deinde

58 730 119 780 ab
153 731 273 783 laevo
308 751 465 788 cornu
501 739 684 791 Hastati
721 746 962 810 Romani,
989 769 1089 803 non
1123 756 1338 814 ferentes

55 795 413 865 impressionem
446 807 728 860 Latinorum
752 850 766 871 ,
793 814 837 863 se
875 815 935 866 ad
971 819 1224 893 Principes
1263 847 1337 880 re-

55 879 248 931 cepere⁴
286 871 342 918 In
377 868 470 920 hac
494 873 817 941 trepidatione
852 882 1040 936 Decius
1062 893 1230 943 consul
1263 901 1332 948 M.
1411 905 1539 943 Decius

55 930 308 984 Valerium
339 936 511 1003 magna
540 957 667 991 voce
700 943 960 1000 inclamat:
986 958 1187 1007 Deorum
1209 997 1225 1018 ,
1257 963 1334 1012 in·
1350 951 1531 1034 {jeffm‘

52 997 165 1065 quit
189 1037 205 1060 ,
244 1015 320 1068 ope
348 1038 364 1058 ,
402 1004 566 1055 Valeri
596 1043 612 1064 ,
654 1024 759 1076 opus
796 1016 873 1077 est.
908 1023 1099 1084 agedum
1124 1031 1332 1093 pontifex
1421 1027 1434 1040 ‘

43 1064 268 1131 publicus
283 1068 448 1134 populi
468 1077 660 1124 Romani
684 1085 709 1118 4
725 1083 843 1143 praei
864 1087 1006 1134 verba
1020 1122 1037 1144 ,
1069 1095 1237 1154 quibus
1259 1114 1332 1146 me

44 1143 131 1197 pro
166 1130 423 1198 legionibus
448 1139 718 1194 devoveam.
749 1146 980 1201 Pontifex
1016 1169 1129 1205 eum
1162 1168 1353 1228 togam'

49 1209 330 1264 praetextam
353 1202 539 1255 sumere
559 1205 718 1271 juffit,
745 1214 799 1263 ὃ(
824 1215 987 1268 velato
1014 1222 1202 1290 capite,
1226 1244 1330 1279 ma-

46 1277 114 1312 nu
137 1264 301 1316 subter
324 1280 489 1337 togam
511 1272 571 1323 ad
594 1291 816 1330 mentum
838 1285 1023 1337 exserta
1044 1327 1059 1348 ,
1094 1291 1235 1360 super
1257 1309 1326 1347 te-

32 1326 150 1381 lum
173 1332 442 1399 subjectum
465 1339 670 1406 pedibus
698 1343 899 1402 stantem
928 1350 992 1403 sic
1023 1355 1188 1409 dicere
1209 1369 1323 1416 :Ja-

16 1422 20 1425 -
44 1414 127 1453 ne,
151 1403 331 1468 Jupiter
343 1438 358 1460 ,
384 1412 514 1456 Mars
535 1421 671 1475 pater
683 1447 700 1469 ,
731 1418 932 1481 ,Quirine
948 1455 964 1476 ,
989 1422 1174 1476 Bellona
1189 1464 1205 1483 ,
1230 1437 1321 1481 La-

43 1481 149 1521 res,
177 1474 201 1507 5
230 1470 338 1517 divi
367 1474 659 1541 Novenstles,
683 1482 755 1530 dii
787 1487 1049 1551 Indigetes,
1073 1494 1180 1542 divi
1211 1514 1323 1561 quo-

41 1548 144 1581 rum
171 1534 230 1596 est
254 1539 451 1602 potestas
480 1544 722 1605 nestrorum
751 1582 768 1611 ,
803 1552 1078 1622 hostiumque
1107 1595 1124 1615 ,
1158 1563 1319 1630 diique

41 1604 235 1658 Manes,
262 1622 344 1652 ves
360 1618 553 1671 precor,
586 1629 805 1672 veneror,
843 1618 864 1651 ⁶
897 1626 1084 1673 veniam
1103 1641 1208 1692 peto
1230 1633 1319 1695 fe-

36 1682 178 1732 roque
195 1702 212 1724 ,
239 1672 312 1719 uti
327 1673 493 1739 populo
526 1682 719 1729 Romano
745 1685 1008 1747 Quiritium
1033 1694 1135 1741 vim
1164 1698 1316 1747 vicio-

39 1749 250 1800 rzamque
291 1742 566 1806 prosperetis
595 1767 610 1794 .-
643 1750 864 1815 lwstesque
913 1757 1074 1823 populi
1118 1767 1313 1815 Romani

1 1861 3 1863 ι
37 1801 302 1863 Quirinum
318 1839 334 1860 ,
357 1821 553 1866 terrore,
566 1813 818 1876 formidine
833 1855 850 1875 ,
881 1840 1109 1891 morteque
1134 1829 1313 1896 afficia—

34 1867 118 1917 tis.
155 1869 282 1918 Sicut
306 1874 463 1924 verbis
490 1885 780 1948 nuncupavi,
807 1888 876 1934 ita
902 1906 986 1955 pro
1017 1900 1039 1932 7
1072 1897 1311 1961 republica

89 1985 111 2010 2
135 1974 336 2018 Familian'
357 1990 491 2035 parte]
519 1990 563 2024 In
586 1987 642 2038 je·
702 2003 736 2038 3.
755 1991 805 2030 ad
824 1997 891 2033 [V.
915 2008 980 2034 21.

31 2024 166 2067 cinore
192 2028 433 2074 familiarem
462 2051 641 2090 partem,
756 2055 772 2090 5
810 2049 910 2086 Divi
941 2052 1190 2107 Novensiles]
1225 2061 1309 2107 Qui

33 2080 78 2118 &
122 2081 306 2124 hostilem
325 2115 338 2135 ,
374 2087 449 2128 five
488 2106 642 2144 partem
695 2095 769 2136 fint
788 2100 830 2137 hi
848 2103 1101 2156 Novensiles,
1124 2110 1230 2151 haud
1249 2114 1309 2152 sa·

30 2133 199 2184 inimici,
212 2137 510 2193 distinguebant.
530 2150 581 2186 Ex
595 2148 644 2187 il·
693 2151 743 2190 ne
759 2152 893 2205 liquet.
922 2162 1098 2199 Romam
1117 2162 1136 2201 ὲ
1155 2166 1307 2207 Sabinis

31 2184 74 2225 la
98 2202 253 2231 eventus
269 2195 355 2234 suos
373 2225 385 2244 ,
405 2211 450 2236 ex
467 2200 542 2240 hac
563 2203 639 2241 ho-
694 2204 717 2242 a
737 2211 853 2248 Tatio
872 2223 960 2263 rege
975 2213 1124 2254 advesti
1141 2219 1306 2259 credun·

30 2238 146 2282 stium
178 2243 261 2285 fata
289 2249 545 2303 colligebant.
693 2270 770 2298 tur.

33 2311 36 2314 ·
91 2308 106 2341 3
143 2299 311 2352 Caesnm]
345 2305 417 2344 Vel
446 2309 638 2360 incisum,
748 2321 774 2351 6
805 2317 967 2358 Veniam
999 2331 1084 2377 peto
1113 2323 1305 2380 feroque]

31 2347 177 2390 seclum
194 2368 206 2401 3
224 2356 286 2393 vel
306 2356 505 2409 decisum,
525 2364 579 2402 ita
598 2377 639 2404 ut
693 2371 782 2406 Hoc
809 2368 830 2407 a
862 2374 974 2411 vobis
1005 2387 1095 2427 peto
1120 2407 1134 2425 ‚
1168 2381 1208 2417 ὃς
1242 2394 1307 2421 me

31 2406 197 2445 omnino
221 2407 379 2450 abesset.
416 2415 640 2457 Harduinus
691 2423 774 2471 §am
794 2425 1015 2476 impetrasse
1037 2432 1077 2468 &
1099 2431 1206 2483 quali
1229 2434 1304 2472 ab·
1348 2488 1350 2490 v

27 2455 70 2494 in
89 2461 193 2498 notis
213 2461 260 2499 ad
280 2464 377 2503 Plin.
401 2471 469 2505 XI.
491 2481 551 2516 37.
575 2473 636 2510 in·
693 2473 835 2515 stuliffe
852 2478 1024 2522 confido.

25 2519 275 2563 terpretatur,
286 2519 495 2560 victimarii
510 2524 639 2564 cultro
743 2541 767 2574 7
806 2533 1008 2585 Republica
1046 2538 1262 2593 Qiritium
1283 2549 1302 2595 ]

26 2574 97 2618 per
117 2567 424 2619 imprudentiam
447 2575 593 2615 laesum.
691 2586 914 2624 Gronovius
948 2588 1042 2642 legit
1066 2607 1074 2630 :
1102 2593 1304 2648 Republica

13 2668 17 2673 ἡ
83 2631 111 2668 4
136 2623 232 2660 Praei
255 2624 402 2678 verba]
439 2631 529 2673 vid.
551 2644 635 2675 not.
690 2636 817 2690 populi
836 2641 1001 2684 Romam·
1017 2643 1246 2695 Quiritium.

117 2677 244 2730 Tom.
278 2685 342 2732 II.
1026 2701 1073 2749 H
