1669 3052
450 110 506 171 L
547 131 572 170 1
613 130 646 171 B
687 128 724 169 E
765 126 805 169 R
889 104 1009 173 IX.
1265 123 1387 184 271

110 191 335 252 consules
359 192 457 257 (iis
479 193 609 242 enim
646 192 705 243 ab
735 193 902 242 senatu
931 185 1152 240 mandata
1186 203 1266 238 tres
1289 189 1391 254 est)
1413 208 1609 250 u,s,440,

103 261 180 325 *rei
217 259 364 322 facti,
405 257 636 312 adversus
668 257 911 308 nobilium
942 255 1217 308 testimonia
1253 270 1394 322 egre·
1412 257 1606 299 ²=C·3¹2·

111 326 192 396 gie
210 326 542 379 absolvuntur.
585 325 829 377 Publilius
853 322 1001 375 etiam
1027 322 1204 383 Philo,
1228 322 1397 373 multi-

149 392 306 443 licatis
339 395 536 444 summis
562 392 837 443 honoribus
859 432 874 454 ,
900 391 1005 461 post
1039 407 1114 442 res
1157 403 1232 439 tot
1261 388 1400 440 domi

111 413 349 528 belloque
382 461 534 527 gestas
566 499 579 519 ‚
615 458 836 509 ceterum
880 460 1063 510 invisus
1111 455 1402 517 nobilitati,

114 529 306 578 causam
343 527 501 588 dixit,
527 525 875 592 absolutusque
916 525 996 576 est.
1027 529 1137 576 Nec
1176 523 1399 584 diutius,

115 609 174 645 ut
214 594 269 644 fit
291 631 305 654 ,
340 593 490 661 quam
533 592 651 642 dum
685 608 854 642 recens
893 607 995 641 erat
1028 630 1043 651 ‚
1080 589 1276 706 quaestio
1312 604 1402 658 pet

114 660 243 711 clara
270 660 465 710 nomina
498 677 694 710 reorum
731 657 909 726 viguit.
955 657 1068 707 inde
1119 656 1194 707 abi
1234 657 1402 725 coepit:

114 727 177 778 ad
205 725 378 778 viliora
406 728 566 794 capita
585 765 599 788 ‚
622 724 782 777 donec
820 723 1124 774 coitionibus
1166 722 1402 774 factioni-

112 793 336 865 busque,
372 791 604 847 adversus
642 810 763 861 quas
804 805 1083 859 comparata
1122 805 1226 841 erat
1251 829 1268 852 ‚
1304 808 1403 858 op-

115 861 266 929 presta
302 859 385 912 est.
598 922 602 928 λ

181 930 385 977 XXVII.
430 926 608 977 Earum
646 924 771 975 fama
807 941 970 976 rerum
993 962 1009 986 ,
1045 924 1197 992 magis
1235 938 1404 977 tamen

116 994 224 1064 spes
264 996 521 1059 Campanae
550 991 872 1053 defefflonis,
902 993 952 1042 in
986 1009 1133 1060 quam
1171 992 1406 1057 conjura-

114 1076 221 1113 tum
244 1075 380 1121 erat,
411 1059 651 1110 Samnites
687 1059 736 1109 in
769 1058 1003 1128 Apuliam
1034 1061 1199 1110 versos
1234 1061 1404 1110 rursus

112 1128 174 1180 ad
194 1127 443 1178 Caudium
461 1127 743 1178 revocavit:
770 1142 826 1177 ut
853 1125 967 1176 inde
997 1142 1057 1175 ex
1081 1125 1363 1193 propinquo
1379 1164 1399 1188 ,

111 1195 147 1245 si
183 1193 267 1262 qui
296 1208 462 1244 motus
505 1192 809 1244 occasionem
848 1193 1092 1259 aperirent
1121 1232 1132 1253 ‚
1168 1194 1398 1260 Capuam

111 1261 344 1313 Romanis
394 1261 654 1329 eriperent.
707 1260 779 1310 Eo
818 1259 1042 1310 consules
1075 1276 1193 1311 cum
1230 1259 1400 1311 valido

112 1328 336 1380 exercitu
350 1342 609 1380 venerunt.
633 1330 692 1378 Et
711 1327 870 1393 primo
893 1327 1024 1377 circa
1043 1326 1214 1387 saltim,
1238 1345 1397 1396 quum

113 1395 363 1463 utrimque
388 1394 447 1444 ad
470 1394 656 1445 hostem
684 1393 854 1462 iniqua
890 1394 968 1445 via
1002 1391 1118 1444 effer
1142 1432 1156 1455 ,
1177 1394 1400 1445 cunstati

112 1464 258 1514 sunt:
295 1460 473 1512 deinde
516 1460 755 1512 Samnites
796 1464 881 1530 per
904 1476 1068 1530 aperta
1101 1460 1213 1511 loca
1254 1461 1402 1512 brevi

113 1530 330 1580 circuitu
365 1528 413 1578 in
460 1527 571 1578 loca
613 1528 789 1595 plana,
827 1530 1107 1597 Campanos
1152 1545 1353 1596 campos
1379 1565 1401 1591 ‚

111 1612 285 1664 agmen
318 1594 587 1646 demittunt
609 1634 625 1657 ,
664 1595 833 1665 ibique
869 1593 1081 1663 primum
1108 1603 1126 1627 ¹
1162 1593 1314 1645 castra
1349 1594 1402 1646 in

114 1662 379 1731 conspectu
405 1661 626 1713 hostibus
654 1662 765 1725 data
796 1681 807 1712 2
839 1661 1017 1713 deinde
1053 1660 1245 1713 levibus
1279 1679 1400 1732 prae-

112 1730 194 1782 liis
212 1770 226 1792 ‚
246 1747 272 1780 e
313 1729 474 1780 uitum
498 1729 666 1797 saepius
690 1728 840 1798 quam
863 1729 1088 1798 peditum
1103 1768 1120 1792 ‚
1144 1729 1402 1798 utrimque

111 1797 282 1868 pericu
310 1814 390 1848 um
412 1796 595 1847 facium
620 1813 744 1847 :nec
771 1810 855 1848 aut
875 1797 1082 1849 eventus
1104 1814 1279 1848 eorum
1303 1800 1401 1848 Ro-

113 1882 313 1916 manum
340 1903 355 1925 ,
390 1878 476 1915 aut
513 1881 660 1914 morae
687 1903 701 1924 ,
738 1863 836 1932 qua
877 1864 1136 1915 trahebant
1171 1864 1399 1926 bellum,¹

113 1930 414 2003 poenitebat.
442 1930 733 1982 Samnitium
753 1931 927 1982 contra
946 1931 1159 1984 ducibus
1179 1971 1193 1992 ,
1217 1934 1267 1982 δε
1291 1949 1399 1982 car-
1450 1950 1610 1988 pretinm

110 2000 163 2068 pi
195 1997 354 2068 parvis
388 1998 617 2066 quotidie
648 1997 836 2049 damnis
857 2035 872 2059 ‚
899 2002 953 2051 &
989 2000 1235 2051 senescere
1270 1998 1393 2050 dila·
1415 2003 1608 2082 cqnfbsam,

113 2068 251 2118 tione
266 2064 382 2116 belli
399 2065 527 2119 vires
545 2068 635 2117 suae
653 2065 962 2117 videbantur.
983 2067 1150 2134 itaque
1170 2067 1220 2117 in
1237 2067 1396 2119 aciem
1414 2056 1482 2084 Μ’*
1503 2059 1557 2085 “⁹⁶

113 2132 422 2201 procedunt,
448 2133 702 2202 equitibus
741 2133 790 2185 in
829 2151 1017 2185 cornua
1048 2133 1245 2186 divifis:
1276 2136 1398 2203 qui-

114 2202 209 2253 bus
241 2216 537 2271 praeceptum
566 2215 697 2261 erat,
715 2201 1008 2253 intentiores
1032 2201 1092 2253 ad
1123 2202 1399 2270 respectum

113 2269 384 2320 castrorum
402 2307 416 2329 ,
441 2285 501 2319 ne
527 2287 623 2337 qua
643 2268 706 2319 εὸ
729 2268 806 2321 vis
828 2268 995 2331 fieret,
1020 2268 1172 2338 quam
1193 2268 1253 2320 ad
1276 2288 1400 2336 prae-

65 2385 69 2392 ,
112 2336 239 2398 fium
260 2337 454 2392 starent.
483 2346 506 2370 2
536 2337 692 2387 aciem
724 2335 881 2406 pediti
912 2352 1071 2389 tutam
1095 2335 1220 2388 fore.
1252 2339 1401 2399 Com„

170 2467 186 2493 1
210 2456 344 2510 Castra
371 2456 412 2496 in
441 2456 629 2510 conspeHu
657 2458 723 2498 bo·
776 2461 922 2500 Mallet
969 2460 1193 2500 Gronovius
1242 2458 1399 2512 pediee‚'

105 2509 228 2565 stibus
241 2510 365 2562 data]
391 2509 534 2550 Melius
546 2539 560 2560 ,
583 2512 623 2551 in
642 2526 725 2552 con·
779 2517 822 2554 &
847 2517 1028 2568 exponit:
1046 2513 1159 2552 Pedes
1186 2515 1265 2565 ipse
1287 2513 1398 2553 solus

103 2562 286 2623 specslum.
774 2582 845 2621 per
868 2570 905 2608 se
926 2570 1019 2609 satis
1045 2579 1171 2607 tutam
1195 2567 1397 2620 praestabit

125 2625 129 2628 '
168 2632 190 2659 2
202 2619 340 2664 Aciem
348 2618 470 2675 pediti
479 2629 601 2662 tutam
607 2620 721 2680 fore]
778 2625 904 2664 aciem
921 2636 970 2664 ex
989 2622 1065 2662 sese
1081 2620 1343 2662 constantem.

1031 2680 1086 2733 M
1117 2674 1187 2743 iiij
