<?xml version="1.0" encoding="UTF-8"?>
<!DOCTYPE html PUBLIC "-//W3C//DTD XHTML 1.0 Transitional//EN"
    "http://www.w3.org/TR/xhtml1/DTD/xhtml1-transitional.dtd">
<html xmlns="http://www.w3.org/1999/xhtml" xml:lang="en" lang="en">
 <head>
  <title>
</title>
<meta http-equiv="Content-Type" content="text/html;charset=utf-8" />
  <meta name='ocr-system' content='tesseract 3.04.00' />
  <meta name='ocr-capabilities' content='ocr_page ocr_carea ocr_par ocr_line ocrx_word'/>
</head>
<body>
  <div class='ocr_page' id='page_1' title='image "./tliviipatavinihi0102livy/tliviipatavinihi0102livy_0113.png"; bbox 0 0 1669 3052; ppageno 0'>
   <div class='ocr_carea' id='block_1_1' title="bbox 12 100 1569 1131">
    <p class='ocr_par' dir='ltr' id='par_1_1' title="bbox 376 100 1407 184">
     <span class='ocr_line' id='line_1_1' title="bbox 376 100 1407 184; baseline -0.036 0"><span class='ocrx_word' id='word_1_1' title='bbox 376 119 738 184; x_wconf 75' lang='lat' dir='ltr'>LrssER</span> <span class='ocrx_word' id='word_1_2' title='bbox 818 100 983 166; x_wconf 86' lang='lat' dir='ltr'>VII.</span> <span class='ocrx_word' id='word_1_3' title='bbox 1211 106 1407 170; x_wconf 83' lang='lat'><em>105-</em></span> 
     </span>
    </p>

    <p class='ocr_par' dir='ltr' id='par_1_2' title="bbox 12 188 1552 415">
     <span class='ocr_line' id='line_1_2' title="bbox 12 188 1552 287; baseline -0.029 -16"><span class='ocrx_word' id='word_1_4' title='bbox 12 235 15 238; x_wconf 72' lang='grc'>’</span> <span class='ocrx_word' id='word_1_5' title='bbox 60 215 187 287; x_wconf 81' lang='lat' dir='ltr'>ipsos</span> <span class='ocrx_word' id='word_1_6' title='bbox 214 220 422 261; x_wconf 85' lang='lat' dir='ltr'>armatos</span> <span class='ocrx_word' id='word_1_7' title='bbox 449 204 494 252; x_wconf 85' lang='lat' dir='ltr'>se</span> <span class='ocrx_word' id='word_1_8' title='bbox 529 190 794 248; x_wconf 68' lang='lat' dir='ltr'>intulissent</span> <span class='ocrx_word' id='word_1_9' title='bbox 815 226 829 249; x_wconf 81' lang='lat'>‚</span> <span class='ocrx_word' id='word_1_10' title='bbox 853 188 1136 236; x_wconf 79' lang='lat' dir='ltr'>averterunt</span> <span class='ocrx_word' id='word_1_11' title='bbox 1175 188 1331 225; x_wconf 81' lang='lat' dir='ltr'>totam</span> <span class='ocrx_word' id='word_1_12' title='bbox 1362 189 1552 227; x_wconf 67' lang='lat' dir='ltr'>u.c.2,99·</span> 
     </span>
     <span class='ocr_line' id='line_1_3' title="bbox 67 235 1552 337; baseline -0.038 -3"><span class='ocrx_word' id='word_1_13' title='bbox 67 283 252 335; x_wconf 75' lang='lat' dir='ltr'>aciem:</span> <span class='ocrx_word' id='word_1_14' title='bbox 276 272 532 337; x_wconf 86' lang='lat' dir='ltr'>castrisque</span> <span class='ocrx_word' id='word_1_15' title='bbox 570 262 716 313; x_wconf 82' lang='lat' dir='ltr'>etiarn</span> <span class='ocrx_word' id='word_1_16' title='bbox 750 256 825 306; x_wconf 46' lang='lat' dir='ltr'>eo*</span> <span class='ocrx_word' id='word_1_17' title='bbox 850 252 928 303; x_wconf 85' lang='lat' dir='ltr'>die</span> <span class='ocrx_word' id='word_1_18' title='bbox 963 244 1142 316; x_wconf 84' lang='lat' dir='ltr'>potiti,</span> <span class='ocrx_word' id='word_1_19' title='bbox 1175 238 1333 309; x_wconf 69' lang='lat' dir='ltr'>praeda</span> <span class='ocrx_word' id='word_1_20' title='bbox 1358 235 1552 278; x_wconf 70' lang='lat' dir='ltr'>2·C·3&lt;=·&gt;·</span> 
     </span>
     <span class='ocr_line' id='line_1_4' title="bbox 68 305 1336 415; baseline -0.037 -16"><span class='ocrx_word' id='word_1_21' title='bbox 68 343 253 415; x_wconf 83' lang='lat' dir='ltr'>ingenti</span> <span class='ocrx_word' id='word_1_22' title='bbox 288 331 684 409; x_wconf 66' lang='lat' dir='ltr'>parta‚xri&amp;ores</span> <span class='ocrx_word' id='word_1_23' title='bbox 719 328 1028 374; x_wconf 86' lang='lat' dir='ltr'>reverterunt</span> <span class='ocrx_word' id='word_1_24' title='bbox 1061 332 1078 375; x_wconf 81' lang='lat'>3</span> <span class='ocrx_word' id='word_1_25' title='bbox 1109 305 1336 360; x_wconf 86' lang='lat' dir='ltr'>militari-</span> 
     </span>
    </p>

    <p class='ocr_par' dir='ltr' id='par_1_3' title="bbox 27 375 1340 545">
     <span class='ocr_line' id='line_1_5' title="bbox 27 375 1338 477; baseline -0.037 -9"><span class='ocrx_word' id='word_1_26' title='bbox 27 429 30 433; x_wconf 76' lang='grc'><strong><em>’</em></strong></span> <span class='ocrx_word' id='word_1_27' title='bbox 69 415 163 466; x_wconf 86' lang='lat' dir='ltr'>bus</span> <span class='ocrx_word' id='word_1_28' title='bbox 177 409 297 477; x_wconf 83' lang='lat' dir='ltr'>jocis</span> <span class='ocrx_word' id='word_1_29' title='bbox 309 446 322 468; x_wconf 87' lang='lat'>‚</span> <span class='ocrx_word' id='word_1_30' title='bbox 345 420 499 473; x_wconf 86' lang='lat' dir='ltr'>quum</span> <span class='ocrx_word' id='word_1_31' title='bbox 518 408 797 466; x_wconf 81' lang='lat' dir='ltr'>apparatum</span> <span class='ocrx_word' id='word_1_32' title='bbox 814 384 1027 438; x_wconf 86' lang='lat' dir='ltr'>hostium</span> <span class='ocrx_word' id='word_1_33' title='bbox 1041 419 1056 442; x_wconf 86' lang='grc'>,</span> <span class='ocrx_word' id='word_1_34' title='bbox 1072 393 1179 429; x_wconf 86' lang='lat' dir='ltr'>tum</span> <span class='ocrx_word' id='word_1_35' title='bbox 1197 375 1338 425; x_wconf 86' lang='lat' dir='ltr'>suum</span> 
     </span>
     <span class='ocr_line' id='line_1_6' title="bbox 69 443 1340 545; baseline -0.036 -12"><span class='ocrx_word' id='word_1_36' title='bbox 69 482 376 545; x_wconf 83' lang='lat' dir='ltr'>increpantes</span> <span class='ocrx_word' id='word_1_37' title='bbox 399 480 645 539; x_wconf 84' lang='lat' dir='ltr'>pavorem.</span> <span class='ocrx_word' id='word_1_38' title='bbox 673 456 970 507; x_wconf 87' lang='lat' dir='ltr'>Concitatur</span> <span class='ocrx_word' id='word_1_39' title='bbox 995 443 1169 497; x_wconf 90' lang='lat' dir='ltr'>deinde</span> <span class='ocrx_word' id='word_1_40' title='bbox 1193 454 1340 491; x_wconf 87' lang='lat' dir='ltr'>omne</span> 
     </span>
    </p>

    <p class='ocr_par' dir='ltr' id='par_1_4' title="bbox 33 505 1569 996">
     <span class='ocr_line' id='line_1_7' title="bbox 73 505 1560 599; baseline -0.036 0"><span class='ocrx_word' id='word_1_41' title='bbox 73 561 253 599; x_wconf 83' lang='lat' dir='ltr'>nomen</span> <span class='ocrx_word' id='word_1_42' title='bbox 290 537 547 590; x_wconf 80' lang='lat' dir='ltr'>Etruscum</span> <span class='ocrx_word' id='word_1_43' title='bbox 567 565 582 589; x_wconf 91' lang='lat'>‚</span> <span class='ocrx_word' id='word_1_44' title='bbox 609 529 658 577; x_wconf 72' lang='grc' dir='ltr'>δε</span> <span class='ocrx_word' id='word_1_45' title='bbox 684 514 1110 588; x_wconf 76' lang='lat' dir='ltr'>Tarquiniensibus</span> <span class='ocrx_word' id='word_1_46' title='bbox 1134 505 1344 559; x_wconf 81' lang='lat' dir='ltr'>Faliscis-</span> <span class='ocrx_word' id='word_1_47' title='bbox 1384 526 1560 569; x_wconf 69' lang='lat' dir='ltr'>Etruscum</span> 
     </span>
     <span class='ocr_line' id='line_1_8' title="bbox 78 569 1529 682; baseline -0.037 -17"><span class='ocrx_word' id='word_1_48' title='bbox 78 630 174 682; x_wconf 90' lang='lat' dir='ltr'>que</span> <span class='ocrx_word' id='word_1_49' title='bbox 204 605 413 665; x_wconf 87' lang='lat' dir='ltr'>ducibus</span> <span class='ocrx_word' id='word_1_50' title='bbox 442 597 501 650; x_wconf 86' lang='lat' dir='ltr'>ad</span> <span class='ocrx_word' id='word_1_51' title='bbox 529 593 711 645; x_wconf 85' lang='lat' dir='ltr'>Salinas</span> <span class='ocrx_word' id='word_1_52' title='bbox 743 584 1053 655; x_wconf 87' lang='lat' dir='ltr'>perveniunt.</span> <span class='ocrx_word' id='word_1_53' title='bbox 1093 569 1342 626; x_wconf 73' lang='lat' dir='ltr'>Adversus</span> <span class='ocrx_word' id='word_1_54' title='bbox 1369 576 1529 612; x_wconf 71' lang='lat' dir='ltr'>bellum.-</span> 
     </span>
     <span class='ocr_line' id='line_1_9' title="bbox 79 638 1565 730; baseline -0.034 1"><span class='ocrx_word' id='word_1_55' title='bbox 79 696 191 730; x_wconf 86' lang='lat' dir='ltr'>eum</span> <span class='ocrx_word' id='word_1_56' title='bbox 225 686 460 725; x_wconf 87' lang='lat' dir='ltr'>terrorem</span> <span class='ocrx_word' id='word_1_57' title='bbox 485 662 691 713; x_wconf 65' lang='lat' dir='ltr'>dietator</span> <span class='ocrx_word' id='word_1_58' title='bbox 712 658 775 704; x_wconf 91' lang='lat' dir='ltr'>C.</span> <span class='ocrx_word' id='word_1_59' title='bbox 802 649 1013 702; x_wconf 75' lang='lat' dir='ltr'>Marcius</span> <span class='ocrx_word' id='word_1_60' title='bbox 1037 642 1228 695; x_wconf 84' lang='lat' dir='ltr'>Rutilus</span> <span class='ocrx_word' id='word_1_61' title='bbox 1251 638 1343 708; x_wconf 90' lang='lat' dir='ltr'>pri·</span> <span class='ocrx_word' id='word_1_62' title='bbox 1398 654 1438 686; x_wconf 81' lang='lat' dir='ltr'>c.</span> <span class='ocrx_word' id='word_1_63' title='bbox 1459 654 1565 686; x_wconf 61' lang='lat' dir='ltr'>Mar.</span> 
     </span>
     <span class='ocr_line' id='line_1_10' title="bbox 79 699 1543 806; baseline -0.036 -9"><span class='ocrx_word' id='word_1_64' title='bbox 79 760 188 798; x_wconf 86' lang='lat' dir='ltr'>mus</span> <span class='ocrx_word' id='word_1_65' title='bbox 211 741 271 791; x_wconf 91' lang='lat' dir='ltr'>de</span> <span class='ocrx_word' id='word_1_66' title='bbox 291 737 433 806; x_wconf 83' lang='lat' dir='ltr'>plebe</span> <span class='ocrx_word' id='word_1_67' title='bbox 453 729 610 782; x_wconf 62' lang='lat' dir='ltr'>dietus</span> <span class='ocrx_word' id='word_1_68' title='bbox 624 765 640 787; x_wconf 83' lang='lat'>‚</span> <span class='ocrx_word' id='word_1_69' title='bbox 660 718 937 788; x_wconf 81' lang='lat' dir='ltr'>magistrum</span> <span class='ocrx_word' id='word_1_70' title='bbox 955 714 1206 781; x_wconf 85' lang='lat' dir='ltr'>equitum,</span> <span class='ocrx_word' id='word_1_71' title='bbox 1228 708 1346 756; x_wconf 85' lang='lat' dir='ltr'>irem</span> <span class='ocrx_word' id='word_1_72' title='bbox 1373 700 1438 735; x_wconf 53' lang='grc' dir='ltr'>Μ’</span> <span class='ocrx_word' id='word_1_73' title='bbox 1467 699 1543 764; x_wconf 57' lang='lat' dir='ltr'>prg-</span> 
     </span>
     <span class='ocr_line' id='line_1_11' title="bbox 83 748 1569 876; baseline -0.034 -15"><span class='ocrx_word' id='word_1_74' title='bbox 83 813 144 861; x_wconf 83' lang='lat' dir='ltr'>de</span> <span class='ocrx_word' id='word_1_75' title='bbox 167 808 309 876; x_wconf 82' lang='lat' dir='ltr'>plebe</span> <span class='ocrx_word' id='word_1_76' title='bbox 333 843 348 864; x_wconf 83' lang='lat'><strong>‚</strong></span> <span class='ocrx_word' id='word_1_77' title='bbox 375 804 439 852; x_wconf 88' lang='lat' dir='ltr'>C.</span> <span class='ocrx_word' id='word_1_78' title='bbox 461 793 708 846; x_wconf 80' lang='lat' dir='ltr'>Plautium</span> <span class='ocrx_word' id='word_1_79' title='bbox 731 787 871 838; x_wconf 83' lang='lat' dir='ltr'>dixit.</span> <span class='ocrx_word' id='word_1_80' title='bbox 896 781 953 831; x_wconf 91' lang='lat' dir='ltr'>Id</span> <span class='ocrx_word' id='word_1_81' title='bbox 977 776 1098 832; x_wconf 74' lang='lat' dir='ltr'>vero</span> <span class='ocrx_word' id='word_1_82' title='bbox 1122 773 1349 824; x_wconf 86' lang='lat' dir='ltr'>Patribus</span> <span class='ocrx_word' id='word_1_83' title='bbox 1375 748 1569 838; x_wconf 51' lang='grc' dir='ltr'>’,ἵζ’ξᾞζζ</span> 
     </span>
     <span class='ocr_line' id='line_1_12' title="bbox 33 822 1482 942; baseline -0.035 -11"><span class='ocrx_word' id='word_1_84' title='bbox 33 927 36 929; x_wconf 77' lang='lat'><em>.</em></span> <span class='ocrx_word' id='word_1_85' title='bbox 85 876 339 942; x_wconf 79' lang='lat' dir='ltr'>indignum</span> <span class='ocrx_word' id='word_1_86' title='bbox 355 863 510 919; x_wconf 88' lang='lat' dir='ltr'>videri</span> <span class='ocrx_word' id='word_1_87' title='bbox 528 901 542 922; x_wconf 83' lang='lat'>,</span> <span class='ocrx_word' id='word_1_88' title='bbox 568 859 716 910; x_wconf 87' lang='lat' dir='ltr'>etiarn</span> <span class='ocrx_word' id='word_1_89' title='bbox 739 851 1028 903; x_wconf 61' lang='lat' dir='ltr'>dic&#39;taturam</span> <span class='ocrx_word' id='word_1_90' title='bbox 1049 844 1143 903; x_wconf 75' lang='lat' dir='ltr'>iam</span> <span class='ocrx_word' id='word_1_91' title='bbox 1168 842 1215 891; x_wconf 92' lang='lat' dir='ltr'>in</span> <span class='ocrx_word' id='word_1_92' title='bbox 1240 856 1353 908; x_wconf 86' lang='lat' dir='ltr'>pro·</span> <span class='ocrx_word' id='word_1_93' title='bbox 1378 836 1430 881; x_wconf 69' lang='lat' dir='ltr'>be,</span> <span class='ocrx_word' id='word_1_94' title='bbox 1476 822 1482 838; x_wconf 71' lang='lat'><em>⁸</em></span> 
     </span>
     <span class='ocr_line' id='line_1_13' title="bbox 88 910 1356 996; baseline -0.033 0"><span class='ocrx_word' id='word_1_95' title='bbox 88 944 275 996; x_wconf 85' lang='lat' dir='ltr'>miscuo</span> <span class='ocrx_word' id='word_1_96' title='bbox 310 934 400 987; x_wconf 87' lang='lat' dir='ltr'>effe</span> <span class='ocrx_word' id='word_1_97' title='bbox 430 950 442 982; x_wconf 77' lang='lat' dir='ltr'>z</span> <span class='ocrx_word' id='word_1_98' title='bbox 480 927 712 992; x_wconf 83' lang='lat' dir='ltr'>omnique</span> <span class='ocrx_word' id='word_1_99' title='bbox 743 935 836 987; x_wconf 90' lang='lat' dir='ltr'>ope</span> <span class='ocrx_word' id='word_1_100' title='bbox 870 910 1200 981; x_wconf 78' lang='lat' dir='ltr'>impediebant</span> <span class='ocrx_word' id='word_1_101' title='bbox 1235 945 1251 969; x_wconf 86' lang='lat'>‚</span> <span class='ocrx_word' id='word_1_102' title='bbox 1292 921 1356 956; x_wconf 89' lang='lat' dir='ltr'>ne</span> 
     </span>
    </p>

    <p class='ocr_par' dir='ltr' id='par_1_5' title="bbox 91 982 1365 1131">
     <span class='ocr_line' id='line_1_14' title="bbox 91 982 1358 1080; baseline -0.035 -18"><span class='ocrx_word' id='word_1_103' title='bbox 91 1008 214 1080; x_wconf 89' lang='lat' dir='ltr'>quid</span> <span class='ocrx_word' id='word_1_104' title='bbox 247 997 471 1056; x_wconf 68' lang='lat' dir='ltr'>dit‘tatori</span> <span class='ocrx_word' id='word_1_105' title='bbox 504 992 642 1045; x_wconf 83' lang='lat' dir='ltr'>adid</span> <span class='ocrx_word' id='word_1_106' title='bbox 673 986 858 1039; x_wconf 88' lang='lat' dir='ltr'>bellum</span> <span class='ocrx_word' id='word_1_107' title='bbox 891 982 1239 1031; x_wconf 82' lang='lat' dir='ltr'>decerneretur</span> <span class='ocrx_word' id='word_1_108' title='bbox 1336 1000 1358 1010; x_wconf 94' lang='lat'>-</span> 
     </span>
     <span class='ocr_line' id='line_1_15' title="bbox 92 990 1365 1131; baseline -0.033 -2"><span class='ocrx_word' id='word_1_109' title='bbox 92 1086 361 1129; x_wconf 82' lang='lat' dir='ltr'>rareturve.</span> <span class='ocrx_word' id='word_1_110' title='bbox 393 1082 452 1115; x_wconf 91' lang='lat' dir='ltr'>eo</span> <span class='ocrx_word' id='word_1_111' title='bbox 480 1053 752 1131; x_wconf 70' lang='lat' dir='ltr'>promptius</span> <span class='ocrx_word' id='word_1_112' title='bbox 783 1048 956 1101; x_wconf 62' lang='lat' dir='ltr'>cunfta</span> <span class='ocrx_word' id='word_1_113' title='bbox 986 1045 1174 1095; x_wconf 86' lang='lat' dir='ltr'>ferente</span> <span class='ocrx_word' id='word_1_114' title='bbox 1208 990 1365 1090; x_wconf 48' lang='lat' dir='ltr'>diga—</span> 
     </span>
    </p>
   </div>
   <div class='ocr_carea' id='block_1_2' title="bbox 90 1104 1365 1278">
    <p class='ocr_par' dir='ltr' id='par_1_6' title="bbox 90 1104 1365 1278">
     <span class='ocr_line' id='line_1_16' title="bbox 92 1104 1365 1206; baseline -0.032 -12"><span class='ocrx_word' id='word_1_115' title='bbox 92 1158 201 1194; x_wconf 86' lang='lat' dir='ltr'>tore</span> <span class='ocrx_word' id='word_1_116' title='bbox 231 1132 440 1206; x_wconf 88' lang='lat' dir='ltr'>populus</span> <span class='ocrx_word' id='word_1_117' title='bbox 468 1126 613 1194; x_wconf 77' lang='lat' dir='ltr'>justit.</span> <span class='ocrx_word' id='word_1_118' title='bbox 652 1117 910 1175; x_wconf 63' lang='lat' dir='ltr'>Profectus</span> <span class='ocrx_word' id='word_1_119' title='bbox 941 1113 1000 1164; x_wconf 86' lang='lat' dir='ltr'>ab</span> <span class='ocrx_word' id='word_1_120' title='bbox 1031 1109 1153 1162; x_wconf 84' lang='lat' dir='ltr'>urbe</span> <span class='ocrx_word' id='word_1_121' title='bbox 1178 1146 1195 1168; x_wconf 82' lang='lat'>‚</span> <span class='ocrx_word' id='word_1_122' title='bbox 1228 1104 1365 1156; x_wconf 66' lang='lat' dir='ltr'>utra-</span> 
     </span>
     <span class='ocr_line' id='line_1_17' title="bbox 90 1178 1365 1278; baseline -0.033 -17"><span class='ocrx_word' id='word_1_123' title='bbox 90 1225 194 1278; x_wconf 80' lang='lat' dir='ltr'>que</span> <span class='ocrx_word' id='word_1_124' title='bbox 223 1218 359 1273; x_wconf 88' lang='lat' dir='ltr'>parte</span> <span class='ocrx_word' id='word_1_125' title='bbox 387 1195 580 1246; x_wconf 85' lang='lat' dir='ltr'>Tiberis</span> <span class='ocrx_word' id='word_1_126' title='bbox 599 1231 615 1253; x_wconf 83' lang='lat'>‚</span> <span class='ocrx_word' id='word_1_127' title='bbox 645 1187 829 1240; x_wconf 87' lang='lat' dir='ltr'>ratibus</span> <span class='ocrx_word' id='word_1_128' title='bbox 858 1178 1078 1233; x_wconf 84' lang='lat' dir='ltr'>exercitu</span> <span class='ocrx_word' id='word_1_129' title='bbox 1096 1216 1108 1236; x_wconf 86' lang='lat'>‚</span> <span class='ocrx_word' id='word_1_130' title='bbox 1136 1188 1365 1245; x_wconf 86' lang='lat' dir='ltr'>quocun·-</span> 
     </span>
    </p>
   </div>
   <div class='ocr_carea' id='block_1_3' title="bbox 97 1239 1572 2605">
    <p class='ocr_par' dir='ltr' id='par_1_7' title="bbox 97 1239 1572 2475">
     <span class='ocr_line' id='line_1_18' title="bbox 97 1239 1369 1345; baseline -0.032 -18"><span class='ocrx_word' id='word_1_131' title='bbox 97 1292 195 1345; x_wconf 90' lang='lat' dir='ltr'>que</span> <span class='ocrx_word' id='word_1_132' title='bbox 226 1273 352 1322; x_wconf 82' lang='lat' dir='ltr'>fama</span> <span class='ocrx_word' id='word_1_133' title='bbox 385 1262 598 1315; x_wconf 87' lang='lat' dir='ltr'>hostiurn</span> <span class='ocrx_word' id='word_1_134' title='bbox 629 1253 840 1306; x_wconf 78' lang='lat' dir='ltr'>du&#39;cebat</span> <span class='ocrx_word' id='word_1_135' title='bbox 869 1289 884 1311; x_wconf 85' lang='lat'>‚</span> <span class='ocrx_word' id='word_1_136' title='bbox 917 1245 1115 1312; x_wconf 70' lang='lat' dir='ltr'>trajecto</span> <span class='ocrx_word' id='word_1_137' title='bbox 1134 1282 1149 1305; x_wconf 83' lang='lat'>‚</span> <span class='ocrx_word' id='word_1_138' title='bbox 1181 1239 1369 1291; x_wconf 86' lang='lat' dir='ltr'>multos</span> 
     </span>
     <span class='ocr_line' id='line_1_19' title="bbox 98 1305 1369 1412; baseline -0.032 -18"><span class='ocrx_word' id='word_1_139' title='bbox 98 1338 414 1412; x_wconf 80' lang='lat' dir='ltr'>populatores</span> <span class='ocrx_word' id='word_1_140' title='bbox 442 1341 670 1397; x_wconf 82' lang='lat' dir='ltr'>agrorum</span> <span class='ocrx_word' id='word_1_141' title='bbox 698 1335 850 1387; x_wconf 81' lang='lat' dir='ltr'>vagos</span> <span class='ocrx_word' id='word_1_142' title='bbox 879 1315 1092 1383; x_wconf 67' lang='lat' dir='ltr'>palantes</span> <span class='ocrx_word' id='word_1_143' title='bbox 1123 1305 1369 1377; x_wconf 73' lang='lat' dir='ltr'>oppressit.</span> 
     </span>
     <span class='ocr_line' id='line_1_20' title="bbox 101 1373 1569 1472; baseline -0.03 -12"><span class='ocrx_word' id='word_1_144' title='bbox 101 1407 268 1458; x_wconf 82' lang='lat' dir='ltr'>Castra</span> <span class='ocrx_word' id='word_1_145' title='bbox 300 1413 534 1472; x_wconf 89' lang='lat' dir='ltr'>quoque,</span> <span class='ocrx_word' id='word_1_146' title='bbox 569 1384 866 1457; x_wconf 75' lang='lat' dir='ltr'>necopinato</span> <span class='ocrx_word' id='word_1_147' title='bbox 899 1376 1141 1449; x_wconf 76' lang='lat' dir='ltr'>aggressus</span> <span class='ocrx_word' id='word_1_148' title='bbox 1161 1413 1175 1437; x_wconf 91' lang='lat'>,</span> <span class='ocrx_word' id='word_1_149' title='bbox 1207 1373 1372 1444; x_wconf 84' lang='lat' dir='ltr'>cepit:</span> <span class='ocrx_word' id='word_1_150' title='bbox 1447 1381 1569 1417; x_wconf 64' lang='grc' dir='ltr'>νίηιες</span> 
     </span>
     <span class='ocr_line' id='line_1_21' title="bbox 103 1432 1572 1527; baseline -0.03 0"><span class='ocrx_word' id='word_1_151' title='bbox 103 1479 154 1527; x_wconf 71' lang='grc' dir='ltr'>δε</span> <span class='ocrx_word' id='word_1_152' title='bbox 187 1471 301 1523; x_wconf 70' lang='lat' dir='ltr'>osto</span> <span class='ocrx_word' id='word_1_153' title='bbox 339 1463 555 1518; x_wconf 84' lang='lat' dir='ltr'>millibus</span> <span class='ocrx_word' id='word_1_154' title='bbox 591 1455 803 1508; x_wconf 83' lang='lat' dir='ltr'>hostium</span> <span class='ocrx_word' id='word_1_155' title='bbox 841 1450 994 1518; x_wconf 85' lang='lat' dir='ltr'>captis</span> <span class='ocrx_word' id='word_1_156' title='bbox 1021 1486 1034 1507; x_wconf 92' lang='lat'>‚</span> <span class='ocrx_word' id='word_1_157' title='bbox 1072 1441 1250 1495; x_wconf 88' lang='lat' dir='ltr'>ceteris</span> <span class='ocrx_word' id='word_1_158' title='bbox 1289 1452 1374 1492; x_wconf 81' lang='lat' dir='ltr'>aut</span> <span class='ocrx_word' id='word_1_159' title='bbox 1403 1432 1572 1477; x_wconf 59' lang='lat' dir='ltr'>E‘wsw&#39;’</span> 
     </span>
     <span class='ocr_line' id='line_1_22' title="bbox 107 1508 1377 1598; baseline -0.03 -5"><span class='ocrx_word' id='word_1_160' title='bbox 107 1540 262 1598; x_wconf 73' lang='lat' dir='ltr'>caefis,</span> <span class='ocrx_word' id='word_1_161' title='bbox 286 1549 373 1586; x_wconf 82' lang='lat' dir='ltr'>aut</span> <span class='ocrx_word' id='word_1_162' title='bbox 405 1549 465 1581; x_wconf 82' lang='lat' dir='ltr'>ex</span> <span class='ocrx_word' id='word_1_163' title='bbox 499 1543 615 1594; x_wconf 81' lang='lat' dir='ltr'>agro</span> <span class='ocrx_word' id='word_1_164' title='bbox 646 1526 867 1572; x_wconf 80' lang='lat' dir='ltr'>Romano</span> <span class='ocrx_word' id='word_1_165' title='bbox 904 1512 1118 1581; x_wconf 78' lang='lat' dir='ltr'>fugatis,</span> <span class='ocrx_word' id='word_1_166' title='bbox 1152 1508 1248 1559; x_wconf 91' lang='lat' dir='ltr'>fine</span> <span class='ocrx_word' id='word_1_167' title='bbox 1285 1524 1377 1558; x_wconf 87' lang='lat' dir='ltr'>au-</span> 
     </span>
     <span class='ocr_line' id='line_1_23' title="bbox 105 1573 1379 1660; baseline -0.028 0"><span class='ocrx_word' id='word_1_168' title='bbox 105 1606 334 1660; x_wconf 68' lang='lat' dir='ltr'>&amp;oritate</span> <span class='ocrx_word' id='word_1_169' title='bbox 373 1601 574 1649; x_wconf 86' lang='lat' dir='ltr'>Patrum</span> <span class='ocrx_word' id='word_1_170' title='bbox 611 1629 627 1652; x_wconf 91' lang='lat'>,</span> <span class='ocrx_word' id='word_1_171' title='bbox 666 1585 838 1657; x_wconf 87' lang='lat' dir='ltr'>populi</span> <span class='ocrx_word' id='word_1_172' title='bbox 879 1581 1002 1650; x_wconf 82' lang='lat' dir='ltr'>justu</span> <span class='ocrx_word' id='word_1_173' title='bbox 1038 1573 1379 1644; x_wconf 84' lang='lat' dir='ltr'>triumphavit.</span> 
     </span>
     <span class='ocr_line' id='line_1_24' title="bbox 110 1647 1382 1739; baseline -0.03 -12"><span class='ocrx_word' id='word_1_174' title='bbox 110 1674 250 1739; x_wconf 87' lang='lat' dir='ltr'>Quia</span> <span class='ocrx_word' id='word_1_175' title='bbox 285 1684 376 1720; x_wconf 92' lang='lat' dir='ltr'>nec</span> <span class='ocrx_word' id='word_1_176' title='bbox 397 1681 483 1733; x_wconf 86' lang='lat' dir='ltr'>per</span> <span class='ocrx_word' id='word_1_177' title='bbox 506 1660 792 1711; x_wconf 65' lang='lat' dir='ltr'>diclatorem</span> <span class='ocrx_word' id='word_1_178' title='bbox 816 1647 1062 1720; x_wconf 87' lang='lat' dir='ltr'>plebeium</span> <span class='ocrx_word' id='word_1_179' title='bbox 1080 1683 1094 1706; x_wconf 88' lang='lat'><strong>,</strong></span> <span class='ocrx_word' id='word_1_180' title='bbox 1121 1655 1147 1687; x_wconf 88' lang='lat'>4</span> <span class='ocrx_word' id='word_1_181' title='bbox 1176 1659 1267 1693; x_wconf 90' lang='lat' dir='ltr'>nec</span> <span class='ocrx_word' id='word_1_182' title='bbox 1294 1657 1382 1710; x_wconf 78' lang='lat' dir='ltr'>per</span> 
     </span>
     <span class='ocr_line' id='line_1_25' title="bbox 112 1709 1386 1792; baseline -0.031 1"><span class='ocrx_word' id='word_1_183' title='bbox 112 1736 360 1792; x_wconf 84' lang='lat' dir='ltr'>consulem</span> <span class='ocrx_word' id='word_1_184' title='bbox 395 1727 594 1782; x_wconf 81' lang='lat' dir='ltr'>comitia</span> <span class='ocrx_word' id='word_1_185' title='bbox 630 1717 901 1774; x_wconf 85' lang='lat' dir='ltr'>consularia</span> <span class='ocrx_word' id='word_1_186' title='bbox 928 1712 1098 1765; x_wconf 87' lang='lat' dir='ltr'>haberi</span> <span class='ocrx_word' id='word_1_187' title='bbox 1118 1709 1386 1768; x_wconf 81' lang='lat' dir='ltr'>volebant,</span> 
     </span>
     <span class='ocr_line' id='line_1_26' title="bbox 115 1778 1387 1860; baseline -0.03 1"><span class='ocrx_word' id='word_1_188' title='bbox 115 1812 167 1860; x_wconf 85' lang='lat'>&amp;</span> <span class='ocrx_word' id='word_1_189' title='bbox 207 1805 326 1856; x_wconf 88' lang='lat' dir='ltr'>alter</span> <span class='ocrx_word' id='word_1_190' title='bbox 363 1794 533 1850; x_wconf 81' lang='lat' dir='ltr'>consul</span> <span class='ocrx_word' id='word_1_191' title='bbox 567 1790 740 1842; x_wconf 79' lang='lat' dir='ltr'>Fabius</span> <span class='ocrx_word' id='word_1_192' title='bbox 770 1784 905 1837; x_wconf 90' lang='lat' dir='ltr'>bello</span> <span class='ocrx_word' id='word_1_193' title='bbox 942 1778 1244 1832; x_wconf 85' lang='lat' dir='ltr'>retinebatur</span> <span class='ocrx_word' id='word_1_194' title='bbox 1268 1798 1282 1837; x_wconf 82' lang='lat'>3</span> <span class='ocrx_word' id='word_1_195' title='bbox 1308 1791 1387 1825; x_wconf 78' lang='lat' dir='ltr'>res</span> 
     </span>
     <span class='ocr_line' id='line_1_27' title="bbox 113 1844 1390 1966; baseline -0.03 -40"><span class='ocrx_word' id='word_1_196' title='bbox 113 1873 176 1926; x_wconf 88' lang='lat' dir='ltr'>ad</span> <span class='ocrx_word' id='word_1_197' title='bbox 205 1873 538 1933; x_wconf 81' lang='lat' dir='ltr'>interregnum</span> <span class='ocrx_word' id='word_1_198' title='bbox 572 1856 712 1910; x_wconf 85' lang='lat' dir='ltr'>redit.</span> <span class='ocrx_word' id='word_1_199' title='bbox 741 1859 1018 1966; x_wconf 47' lang='lat' dir='ltr'>Interreges</span> <span class='ocrx_word' id='word_1_200' title='bbox 1054 1845 1285 1910; x_wconf 86' lang='lat' dir='ltr'>deinceps</span> <span class='ocrx_word' id='word_1_201' title='bbox 1315 1844 1390 1905; x_wconf 84' lang='lat' dir='ltr'>Q.</span> 
     </span>
     <span class='ocr_line' id='line_1_28' title="bbox 115 1910 1394 1991; baseline -0.027 1"><span class='ocrx_word' id='word_1_202' title='bbox 115 1937 351 1991; x_wconf 84' lang='lat' dir='ltr'>Servilius</span> <span class='ocrx_word' id='word_1_203' title='bbox 373 1929 531 1982; x_wconf 86' lang='lat' dir='ltr'>Ahala</span> <span class='ocrx_word' id='word_1_204' title='bbox 549 1965 564 1988; x_wconf 87' lang='lat'>‚</span> <span class='ocrx_word' id='word_1_205' title='bbox 597 1929 664 1975; x_wconf 83' lang='lat' dir='ltr'>M.</span> <span class='ocrx_word' id='word_1_206' title='bbox 688 1921 863 1973; x_wconf 85' lang='lat' dir='ltr'>Fabius</span> <span class='ocrx_word' id='word_1_207' title='bbox 882 1955 899 1978; x_wconf 86' lang='lat'>‚</span> <span class='ocrx_word' id='word_1_208' title='bbox 983 1932 1028 1965; x_wconf 88' lang='lat' dir='ltr'>n.</span> <span class='ocrx_word' id='word_1_209' title='bbox 1054 1910 1265 1962; x_wconf 83' lang='lat' dir='ltr'>Manlius</span> <span class='ocrx_word' id='word_1_210' title='bbox 1285 1944 1301 1966; x_wconf 83' lang='lat'><strong>‚</strong></span> <span class='ocrx_word' id='word_1_211' title='bbox 1325 1912 1394 1958; x_wconf 83' lang='lat' dir='ltr'>C.</span> 
     </span>
     <span class='ocr_line' id='line_1_29' title="bbox 115 1974 1398 2077; baseline -0.028 -18"><span class='ocrx_word' id='word_1_212' title='bbox 115 2005 290 2077; x_wconf 75' lang='lat' dir='ltr'>Fabius</span> <span class='ocrx_word' id='word_1_213' title='bbox 307 2038 322 2062; x_wconf 90' lang='lat'>‚</span> <span class='ocrx_word' id='word_1_214' title='bbox 345 2002 408 2049; x_wconf 89' lang='lat' dir='ltr'>C.</span> <span class='ocrx_word' id='word_1_215' title='bbox 433 1993 681 2063; x_wconf 88' lang='lat' dir='ltr'>Sulpicius</span> <span class='ocrx_word' id='word_1_216' title='bbox 702 2026 720 2051; x_wconf 86' lang='lat'><strong>‚</strong></span> <span class='ocrx_word' id='word_1_217' title='bbox 752 1992 804 2038; x_wconf 91' lang='lat' dir='ltr'>L.</span> <span class='ocrx_word' id='word_1_218' title='bbox 841 1982 1066 2033; x_wconf 83' lang='lat' dir='ltr'>AErnilius</span> <span class='ocrx_word' id='word_1_219' title='bbox 1083 2017 1098 2038; x_wconf 89' lang='lat'>,</span> <span class='ocrx_word' id='word_1_220' title='bbox 1135 1981 1207 2042; x_wconf 90' lang='lat' dir='ltr'>Q.</span> <span class='ocrx_word' id='word_1_221' title='bbox 1234 1974 1398 2026; x_wconf 83' lang='lat' dir='ltr'>Servi-</span> 
     </span>
     <span class='ocr_line' id='line_1_30' title="bbox 119 2042 1401 2133; baseline -0.03 -7"><span class='ocrx_word' id='word_1_222' title='bbox 119 2073 216 2125; x_wconf 88' lang='lat' dir='ltr'>lius</span> <span class='ocrx_word' id='word_1_223' title='bbox 238 2111 252 2133; x_wconf 89' lang='lat'>,</span> <span class='ocrx_word' id='word_1_224' title='bbox 285 2072 353 2120; x_wconf 85' lang='lat' dir='ltr'>M,</span> <span class='ocrx_word' id='word_1_225' title='bbox 381 2062 554 2116; x_wconf 81' lang='lat' dir='ltr'>Fabius</span> <span class='ocrx_word' id='word_1_226' title='bbox 587 2054 868 2108; x_wconf 81' lang='lat' dir='ltr'>Ambustus.</span> <span class='ocrx_word' id='word_1_227' title='bbox 904 2054 964 2099; x_wconf 87' lang='lat' dir='ltr'>In</span> <span class='ocrx_word' id='word_1_228' title='bbox 1000 2043 1214 2097; x_wconf 89' lang='lat' dir='ltr'>secundo</span> <span class='ocrx_word' id='word_1_229' title='bbox 1247 2042 1401 2092; x_wconf 89' lang='lat' dir='ltr'>inrer-</span> 
     </span>
     <span class='ocr_line' id='line_1_31' title="bbox 123 2104 1399 2207; baseline -0.03 -15"><span class='ocrx_word' id='word_1_230' title='bbox 123 2149 276 2207; x_wconf 74' lang='lat' dir='ltr'>segno</span> <span class='ocrx_word' id='word_1_231' title='bbox 311 2147 418 2184; x_wconf 86' lang='lat' dir='ltr'>orta</span> <span class='ocrx_word' id='word_1_232' title='bbox 446 2123 701 2180; x_wconf 85' lang='lat' dir='ltr'>contentio</span> <span class='ocrx_word' id='word_1_233' title='bbox 736 2120 802 2171; x_wconf 90' lang='lat' dir='ltr'>est</span> <span class='ocrx_word' id='word_1_234' title='bbox 837 2157 853 2180; x_wconf 84' lang='lat'>,</span> <span class='ocrx_word' id='word_1_235' title='bbox 893 2114 1032 2185; x_wconf 70' lang='lat' dir='ltr'>quod</span> <span class='ocrx_word' id='word_1_236' title='bbox 1068 2111 1170 2162; x_wconf 85' lang='lat' dir='ltr'>duo</span> <span class='ocrx_word' id='word_1_237' title='bbox 1205 2104 1399 2178; x_wconf 79' lang='lat' dir='ltr'>patricii</span> 
     </span>
     <span class='ocr_line' id='line_1_32' title="bbox 123 2173 1400 2257; baseline -0.029 1"><span class='ocrx_word' id='word_1_238' title='bbox 123 2202 345 2257; x_wconf 85' lang='lat' dir='ltr'>consules</span> <span class='ocrx_word' id='word_1_239' title='bbox 382 2196 670 2248; x_wconf 84' lang='lat' dir='ltr'>creabantur</span> <span class='ocrx_word' id='word_1_240' title='bbox 706 2208 717 2239; x_wconf 89' lang='lat'><strong>:</strong></span> <span class='ocrx_word' id='word_1_241' title='bbox 756 2179 1274 2245; x_wconf 83' lang='lat' dir='ltr'>intercedentibusque</span> <span class='ocrx_word' id='word_1_242' title='bbox 1310 2173 1400 2223; x_wconf 80' lang='lat' dir='ltr'>tri-</span> 
     </span>
     <span class='ocr_line' id='line_1_33' title="bbox 125 2246 1404 2329; baseline -0.03 -4"><span class='ocrx_word' id='word_1_243' title='bbox 125 2271 271 2324; x_wconf 88' lang='lat' dir='ltr'>bunis</span> <span class='ocrx_word' id='word_1_244' title='bbox 291 2303 307 2329; x_wconf 88' lang='lat'><strong>,</strong></span> <span class='ocrx_word' id='word_1_245' title='bbox 341 2267 555 2317; x_wconf 79' lang='lat' dir='ltr'>interrex</span> <span class='ocrx_word' id='word_1_246' title='bbox 585 2256 755 2309; x_wconf 82' lang='lat' dir='ltr'>Fabius</span> <span class='ocrx_word' id='word_1_247' title='bbox 791 2251 951 2304; x_wconf 86' lang='lat' dir='ltr'>aiebat</span> <span class='ocrx_word' id='word_1_248' title='bbox 977 2251 1027 2298; x_wconf 88' lang='lat' dir='ltr'>in</span> <span class='ocrx_word' id='word_1_249' title='bbox 1064 2246 1295 2295; x_wconf 74' lang='lat' dir='ltr'>duodecim</span> <span class='ocrx_word' id='word_1_250' title='bbox 1327 2257 1404 2289; x_wconf 87' lang='lat' dir='ltr'>ta-</span> 
     </span>
     <span class='ocr_line' id='line_1_34' title="bbox 127 2303 1405 2401; baseline -0.029 -11"><span class='ocrx_word' id='word_1_251' title='bbox 127 2340 250 2389; x_wconf 81' lang='lat' dir='ltr'>bulis</span> <span class='ocrx_word' id='word_1_252' title='bbox 285 2335 431 2401; x_wconf 81' lang='lat' dir='ltr'>legem</span> <span class='ocrx_word' id='word_1_253' title='bbox 466 2330 571 2397; x_wconf 76' lang='lat' dir='ltr'>effe,</span> <span class='ocrx_word' id='word_1_254' title='bbox 594 2342 677 2380; x_wconf 84' lang='lat' dir='ltr'>ut,</span> <span class='ocrx_word' id='word_1_255' title='bbox 700 2323 997 2388; x_wconf 77' lang='lat' dir='ltr'>quodcunque</span> <span class='ocrx_word' id='word_1_256' title='bbox 1027 2314 1292 2381; x_wconf 78' lang='lat' dir='ltr'>postremum</span> <span class='ocrx_word' id='word_1_257' title='bbox 1316 2303 1405 2375; x_wconf 78' lang='lat' dir='ltr'>po-</span> 
     </span>
     <span class='ocr_line' id='line_1_35' title="bbox 120 2377 1407 2475; baseline -0.029 -18"><span class='ocrx_word' id='word_1_258' title='bbox 120 2405 263 2475; x_wconf 67' lang='lat' dir='ltr'>pulus</span> <span class='ocrx_word' id='word_1_259' title='bbox 275 2399 456 2469; x_wconf 80' lang='lat' dir='ltr'>juffiffet</span> <span class='ocrx_word' id='word_1_260' title='bbox 473 2436 486 2459; x_wconf 89' lang='lat'>‚</span> <span class='ocrx_word' id='word_1_261' title='bbox 513 2397 650 2453; x_wconf 71' lang='lat' dir='ltr'>idjus</span> <span class='ocrx_word' id='word_1_262' title='bbox 674 2403 918 2453; x_wconf 78' lang='lat' dir='ltr'>ratumque</span> <span class='ocrx_word' id='word_1_263' title='bbox 942 2382 1038 2450; x_wconf 65' lang='lat' dir='ltr'>efflet</span> <span class='ocrx_word' id='word_1_264' title='bbox 1063 2403 1076 2429; x_wconf 90' lang='lat'>.·</span> <span class='ocrx_word' id='word_1_265' title='bbox 1103 2377 1299 2444; x_wconf 78' lang='lat' dir='ltr'>5juffum</span> <span class='ocrx_word' id='word_1_266' title='bbox 1320 2389 1407 2442; x_wconf 78' lang='lat' dir='ltr'>po-</span> 
     </span>
    </p>

    <p class='ocr_par' dir='ltr' id='par_1_8' title="bbox 133 2480 1414 2605">
     <span class='ocr_line' id='line_1_36' title="bbox 182 2480 1395 2561; baseline -0.025 -10"><span class='ocrx_word' id='word_1_267' title='bbox 182 2525 208 2560; x_wconf 85' lang='lat'><strong>4</strong></span> <span class='ocrx_word' id='word_1_268' title='bbox 229 2513 304 2549; x_wconf 86' lang='lat' dir='ltr'>Nec</span> <span class='ocrx_word' id='word_1_269' title='bbox 325 2517 386 2561; x_wconf 66' lang='lat' dir='ltr'>per</span> <span class='ocrx_word' id='word_1_270' title='bbox 410 2500 617 2556; x_wconf 73' lang='lat' dir='ltr'>consulem]</span> <span class='ocrx_word' id='word_1_271' title='bbox 652 2497 738 2536; x_wconf 87' lang='lat' dir='ltr'>Ple·</span> <span class='ocrx_word' id='word_1_272' title='bbox 796 2508 858 2533; x_wconf 82' lang='lat' dir='ltr'>nec</span> <span class='ocrx_word' id='word_1_273' title='bbox 886 2502 949 2547; x_wconf 75' lang='lat' dir='ltr'>per</span> <span class='ocrx_word' id='word_1_274' title='bbox 975 2486 1175 2543; x_wconf 72' lang='lat' dir='ltr'>Popillium</span> <span class='ocrx_word' id='word_1_275' title='bbox 1197 2480 1395 2535; x_wconf 62' lang='lat' dir='ltr'>consulem„</span> 
     </span>
     <span class='ocr_line' id='line_1_37' title="bbox 133 2532 1414 2605; baseline -0.026 0"><span class='ocrx_word' id='word_1_276' title='bbox 133 2567 282 2605; x_wconf 76' lang='lat' dir='ltr'>beium.</span> <span class='ocrx_word' id='word_1_277' title='bbox 331 2557 416 2599; x_wconf 81' lang='lat' dir='ltr'>Nifi</span> <span class='ocrx_word' id='word_1_278' title='bbox 453 2555 556 2596; x_wconf 68' lang='lat' dir='ltr'>forte</span> <span class='ocrx_word' id='word_1_279' title='bbox 598 2552 741 2598; x_wconf 52' lang='lat' dir='ltr'>mdis,</span> <span class='ocrx_word' id='word_1_280' title='bbox 850 2543 1034 2596; x_wconf 69' lang='lat' dir='ltr'>§sussum</span> <span class='ocrx_word' id='word_1_281' title='bbox 1048 2538 1199 2593; x_wconf 77' lang='lat' dir='ltr'>populi]</span> <span class='ocrx_word' id='word_1_282' title='bbox 1222 2532 1414 2588; x_wconf 74' lang='lat' dir='ltr'>Suffragia</span> 
     </span>
    </p>
   </div>
   <div class='ocr_carea' id='block_1_4' title="bbox 133 2588 1421 2700">
    <p class='ocr_par' dir='ltr' id='par_1_9' title="bbox 133 2588 1421 2700">
     <span class='ocr_line' id='line_1_38' title="bbox 133 2588 1421 2700; baseline -0.026 -40"><span class='ocrx_word' id='word_1_283' title='bbox 133 2617 241 2673; x_wconf 74' lang='lat' dir='ltr'>quod</span> <span class='ocrx_word' id='word_1_284' title='bbox 265 2613 429 2670; x_wconf 83' lang='lat' dir='ltr'>quidam</span> <span class='ocrx_word' id='word_1_285' title='bbox 447 2611 542 2651; x_wconf 82' lang='lat' dir='ltr'>libri</span> <span class='ocrx_word' id='word_1_286' title='bbox 562 2606 709 2648; x_wconf 74' lang='lat' dir='ltr'>hat-ent</span> <span class='ocrx_word' id='word_1_287' title='bbox 726 2631 740 2653; x_wconf 89' lang='lat'>‚</span> <span class='ocrx_word' id='word_1_288' title='bbox 796 2613 877 2654; x_wconf 83' lang='lat' dir='ltr'>quo</span> <span class='ocrx_word' id='word_1_289' title='bbox 890 2611 963 2652; x_wconf 83' lang='lat' dir='ltr'>que</span> <span class='ocrx_word' id='word_1_290' title='bbox 990 2593 1063 2636; x_wconf 81' lang='lat' dir='ltr'>esse</span> <span class='ocrx_word' id='word_1_291' title='bbox 1093 2589 1238 2700; x_wconf 45' lang='lat' dir='ltr'>jiffum</span> <span class='ocrx_word' id='word_1_292' title='bbox 1264 2588 1421 2644; x_wconf 68' lang='lat' dir='ltr'>populi.</span> 
     </span>
     <span class='ocr_line' id='line_1_39' title="bbox 1180 2662 1213 2699; baseline 0 0"><span class='ocrx_word' id='word_1_293' title='bbox 1180 2662 1213 2699; x_wconf 69' lang='lat' dir='ltr'>V</span> 
     </span>
    </p>
   </div>
  </div>
 </body>
</html>
