1680 3110
356 107 477 185 358
743 107 821 169 T.
913 85 1282 174 L1v1't

147 190 470 238 U.c·457·Haec
506 188 705 240 locutus
734 226 750 249 ,
787 192 854 238 M.
891 189 1085 241 Livium
1125 196 1409 257 pontificem
1431 237 1446 261 ‚
1485 212 1633 266 quem

144 238 336 284 λαως·
354 253 652 306 descendens
686 255 734 303 in
771 253 925 305 aciem
963 255 1156 324 digredi
1196 276 1421 315 vetuerat
1453 265 1511 314 ab
1547 267 1629 328 se,

352 321 518 388 praeire
541 320 669 385 juffit
690 319 839 371 verba
859 357 875 381 ,
906 322 1090 390 quibus
1122 326 1168 375 se
1201 326 1514 398 legionesque
1536 331 1630 382 hod

349 387 493 436 stium
526 403 616 453 pro
650 386 872 438 exercitu
907 389 1075 458 populi
1112 394 1316 444 Romani
1348 397 1627 461 Quiritium

349 451 638 504 devoveret.
687 456 915 505 Devotus
948 455 1061 507 inde
1098 459 1270 510 eadem
1313 463 1628 528 precatione,

348 517 629 586 eodemque
650 518 822 570 habitu
841 559 857 581 ,
883 540 985 590 quo
1004 539 1139 591 pater
1162 531 1218 577 P.
1245 529 1431 580 Decius
1454 530 1512 580 ad
1530 535 1630 589 Ve-,

349 584 492 635 serim
522 586 653 635 bello
679 588 851 636 Latino
875 591 919 639 se
940 589 1133 654 jufferat
1160 591 1408 645 devoveri.
1445 599 1624 662 Quum

344 650 614 702 secundum
645 652 863 703 solennes
897 658 1201 723 precationes
1234 660 1476 726 adjecisset
1493 701 1508 725 ,
1523 678 1624 731 prae

333 720 388 784 ft
416 737 550 785 agere
567 721 660 784 sese
674 723 972 784 formidinem
997 744 1050 772 ac
1071 728 1239 792 fugam
1255 763 1271 784 ,
1296 733 1546 796 caedemque
1568 749 1623 780 ac

344 803 544 834 cruorem
559 821 574 841 ,
599 785 838 849 caelestium
855 823 870 843 ,
895 791 1140 853 inferorum
1176 795 1273 842 iras
1290 816 1306 844 .·
1331 803 1356 836 4
1387 799 1624 846 contafz‘u-

344 869 447 900 rum
459 853 737 916 funebribus
763 856 882 903 diris
896 856 1032 921 signa
1049 893 1065 913 ,
1089 857 1214 915 tela,
1245 879 1373 910 arma
1399 865 1619 926 hostium.-

344 916 582 984 locumque
619 921 819 969 eumdem
842 923 937 984 suae
969 925 1105 988 pestis
1135 961 1151 981 ,
1196 925 1255 978 ὠ
1290 926 1529 977 Gallorum
1566 948 1621 979 ac

345 987 617 1035 Samnitium
626 988 756 1049 f⁰²18³
779 984 880 1036 haec
902 990 1177 1040 exsecratus
1197 990 1242 1040 in
1263 993 1306 1041 se
1330 992 1620 1062 hostesque,

344 1049 444 1118 qua
475 1048 867 1102 confertiffimam
893 1056 1123 1106 cernebat
1155 1057 1410 1109 Gallorum
1434 1062 1586 1111 aciem
1603 1099 1622 1125 ‚

345 1118 567 1167 concitat
589 1134 773 1182 equum
793 1137 803 1169 ε
827 1119 1135 1190 inferensque
1161 1124 1206 1174 se
1229 1124 1326 1192 ipse
1347 1126 1531 1178 infestis
1554 1142 1627 1187 te·>

341 1181 404 1234 lis
425 1182 491 1233 est
513 1183 820 1236 interfectUS.

409 1253 612 1301 XXIX.
644 1259 659 1284 ¹
694 1252 790 1301 Vix
818 1251 1038 1303 humanae
1070 1255 1182 1306 inde
1211 1258 1317 1325 opis
1345 1259 1501 1310 videri
1526 1277 1620 1328 pu-

342 1328 437 1381 gna
460 1316 639 1384 potuit.
663 1318 867 1367 Romani
890 1356 903 1378 ,
928 1319 1056 1369 duce
1078 1322 1243 1373 amisso
1264 1362 1278 1385 ‚
1301 1343 1407 1394 quae
1426 1327 1500 1377 res
1524 1342 1622 1379 ter·

340 1382 443 1432 rori
478 1381 592 1432 alias
624 1382 716 1433 effe
754 1383 903 1444 solet,
926 1385 1078 1436 sistere
1106 1388 1272 1456 fugam
1300 1430 1315 1452 ‚
1351 1409 1406 1442 ac
1439 1410 1618 1445 novam

341 1446 403 1497 de
439 1449 634 1516 integro
663 1449 790 1501 velle
821 1451 1078 1503 instaurare
1112 1470 1343 1523 pugnam.
1374 1459 1535 1521 Galli,
1560 1463 1616 1512 δε

336 1514 546 1565 maxime
576 1515 755 1582 globus
794 1517 1106 1580 circumstans
1147 1523 1359 1574 consulis
1399 1542 1614 1595 corpuS‚

336 1580 477 1632 velut
499 1581 704 1632 alienata
730 1598 893 1634 mente
911 1601 1030 1636 vana
1051 1586 1280 1639 incaffum
1300 1590 1474 1656 jactare
1498 1592 1612 1644 tela.

338 1662 537 1715 torpere
558 1648 759 1717 quidam
779 1688 795 1711 ‚
818 1653 867 1701 &
891 1668 980 1702 nec
1003 1668 1174 1720 pugnae
1196 1657 1460 1708 meminiffe
1480 1698 1492 1718 ,
1518 1675 1613 1710 nec

337 1713 482 1780 fugae.
518 1718 585 1765 At
609 1732 669 1765 ex
701 1732 836 1784 parte
870 1717 1017 1769 altera
1047 1721 1271 1790 pontifex
1304 1723 1500 1787 Livius,
1524 1725 1609 1776 cui

334 1778 534 1831 lictores
558 1782 744 1833 Decius
767 1782 1028 1836 tradiderat
1048 1826 1062 1847 ,
1084 1787 1377 1858 jufferatque
1399 1809 1610 1860 proprae·

333 1860 496 1897 torem
525 1845 616 1898 effe
634 1888 648 1910 ‚
680 1848 977 1912 vociferari,
1007 1855 1167 1921 Viciffi·
1195 1863 1444 1915 Romanos,
1471 1869 1492 1893 2
1528 1861 1610 1910 de-

320 1916 508 1979 funoios
531 1915 724 1980 consulis
734 1919 857 1982 fato.
892 1918 1052 1968 Gallos
1075 1925 1379 1990 Samnitesque
1403 1923 1608 1975 Telluris

327 1983 494 2030 matris
523 2000 577 2031 ac
610 1984 790 2032 deorum
820 1986 1030 2034 Manium
1063 1987 1154 2053 effe.
1189 1996 1360 2056 Rapere
1387 1992 1447 2038 ad
1470 1993 1522 2053 se
1551 2011 1606 2041 ac:

324 2065 492 2096 vocare
515 2050 709 2097 Decium
738 2052 946 2100 devotam
955 2053 1114 2116 secum
1137 2057 1284 2104 aciem
1308 2057 1602 2121 ,·furiarum-

325 2128 415 2179 que
438 2132 491 2164 ac
506 2117 779 2180 formidinis
794 2115 937 2185 plena
958 2121 1108 2169 omnia
1129 2123 1188 2169 ad
1211 2123 1350 2186 hostes
1373 2121 1466 2190 effit-
1504 2124 1604 2176 Su-

379 2287 407 2323 4
434 2274 695 2316 Contac‘iurum
714 2277 937 2330 funebribus
988 2285 1108 2334 Supra
1138 2281 1360 2323 humanam
1385 2297 1501 2338 opem
1524 2297 1600 2339 po-

323 2326 422 2367 diris
448 2328 603 2381 signa..
620 2359 629 2369 .
664 2329 852 2383 hostium]
891 2338 934 2372 Se
989 2339 1240 2387 tentiamque.

323 2382 514 2421 devotum
532 2382 624 2433 diris
635 2411 648 2432 ,
666 2384 772 2423 velut
792 2398 930 2425 conra-
1042 2402 1061 2426 2
1082 2387 1288 2440 Defunc‘los
1306 2388 1463 2439 consulis
1476 2390 1593 2443 fato]

321 2438 442 2486 gione
498 2437 670 2488 quadam
726 2441 929 2478 transmis-
984 2443 1365 2494 Liberatosjam‚nec
1381 2444 1598 2497 quidquam

318 2489 457 2528 surum
497 2489 585 2529 illas
625 2493 665 2529 in
707 2489 811 2544 signa
850 2493 927 2531 ho·
983 2495 1150 2548 amplius
1174 2494 1391 2535 coelestibus
1417 2497 1599 2538 inferisve

319 2541 452 2580 stium.
981 2549 1054 2587 diis
1084 2549 1260 2590 debentes
1277 2577 1292 2601 ‚
1314 2548 1402 2604 post
1429 2551 1598 2593 consulis

378 2604 393 2631 1
426 2597 512 2638 Vix
535 2596 706 2640 bumanae
722 2625 733 2638 .
751 2627 761 2644 .
776 2626 789 2641 .
817 2598 926 2657 opis]
980 2614 1166 2644 mortem.
