1680 3110
338 140 471 217 '232'
751 135 828 199 T.
912 135 962 197 L
1013 156 1036 198 1
1077 159 1121 202 v
1162 158 1184 201 1
1230 150 1256 201 1

129 210 317 262 U·c·433·
342 218 407 268 les
423 255 439 276 ,
466 216 678 268 redimite
700 221 845 267 armis
867 221 1109 271 civitatem
1125 257 1141 278 ,
1174 240 1312 287 quam
1335 239 1443 272 auro
1467 225 1612 282 majo-'³

128 265 320 310 a‘C‘3¹9'
340 304 412 334 res
442 286 583 348 vestri
612 286 908 334 redemerunt.
948 288 950 291 ’

128 394 130 396 ,
156 358 293 410 ,ιΛεεῐ-
403 355 469 414 V.
498 349 742 399 Consules
777 351 988 418 profecti
1019 352 1077 403 ad
1114 353 1344 404 Pontium
1374 354 1421 404 in
1457 353 1613 404 collo·-

121 408 277 446 ²‘⁶”²“¹r·
340 415 542 482 quium,
562 434 717 483 quum
750 417 810 466 de
841 417 1034 468 foedere
1066 418 1224 470 viEtor
1258 422 1460 487 agitaret
1481 460 1496 483 ,
1529 437 1610 471 ne·

338 496 517 547 garunt
554 481 726 545 injussu
761 484 930 553 populi
966 484 1139 535 foedus
1175 486 1277 535 fieri
1309 483 1441 554 poss'e
1465 527 1480 548 ‚
1518 502 1612 537 nec

335 548 434 597 fine
468 547 728 600 fecialibus
758 551 1127 619 caerimoniaque
1156 552 1245 603 alia
1275 552 1472 603 solenni.
1510 557 1611 602 Ita-

337 631 437 682 que
468 654 483 676 ‚
523 632 621 665 non
648 653 661 674 ,
705 631 761 667 ut
794 617 950 685 vulgo
989 619 1197 669 credunt
1226 659 1239 678 ,
1275 618 1612 686 Claudiusque

337 681 485 731 etiam
514 682 679 732 scribit
697 722 711 743 ,
735 682 929 734 foedere
962 703 1050 750 pax
1076 685 1299 737 Caudina
1320 725 1335 747 ,
1374 686 1453 737 sed
1479 696 1494 720 1
1524 702 1612 753 per

335 748 639 817 sponsionem
670 748 793 799 fasta
817 750 896 800 est.
934 751 1078 813 Quid
1104 752 1233 802 enim
1266 768 1347 803 aut
1374 752 1614 820 sponsori-

333 815 428 865 bus
454 815 502 864 in
537 814 732 866 foedere
763 834 886 885 opus
923 817 1038 867 esset
1059 859 1070 879 ,
1098 834 1181 869 aut
1217 818 1499 870 obsidibus?
1523 817 1611 869 ubi

334 881 617 950 precatione
658 900 733 933 res
768 883 1042 951 transigitur
1079 904 1088 934 :
1119 905 1205 953 per
1232 905 1365 953 quem
1394 885 1611 954 populum

321 951 446 1017 fiat,
473 953 713 1016 quominus
746 949 925 1017 legibus
960 954 1096 1001 distis
1114 954 1294 1016 stetur,
1317 970 1367 1002 ut
1403 972 1503 1002 eum
1538 955 1611 1002 ita

333 1019 514 1084 Jupiter
525 1020 675 1083 feriat
691 1054 706 1074 ,
738 1021 1111 1084 quemadmodum
1136 1021 1162 1067 a}
1173 1019 1427 1084 fecialibus
1444 1034 1611 1087 porcus

319 1085 546 1150 feriatur.
584 1083 964 1158 Spoponderunt
995 1085 1247 1147 consules,
1270 1086 1451 1154 legati,
1482 1103 1612 1152 quae-

332 1148 484 1200 stores
512 1189 527 1211 ,
567 1151 752 1200 tribuni
784 1151 1029 1201 militum:
1053 1153 1348 1220 nominaque
1387 1153 1609 1203 omnium

332 1217 422 1284 qui
453 1217 821 1286 spoponderunt
841 1257 857 1279 ‚
879 1217 1095 1279 exstant3
1120 1218 1204 1269 ubi
1230 1258 1243 1279 ‚
1274 1219 1306 1268 fi
1330 1237 1388 1270 ex
1411 1219 1608 1270 foedere

332 1283 435 1333 asta
467 1301 543 1332 res
581 1283 697 1333 esset
719 1323 734 1345 ,
762 1300 1082 1352 praeterquam
1113 1286 1326 1335 duorum
1359 1285 1610 1336 fecialium

332 1366 432 1399 non
467 1349 720 1400 exstarent.
755 1354 816 1399 Et
841 1366 1041 1419 propter
1063 1351 1370 1402 necessariam
1397 1352 1608 1403 foederis

331 1416 641 1477 dilationem,
664 1415 852 1468 obfides
881 1423 1026 1468 etiam
1056 1419 1269 1469 sexcenti
1301 1419 1492 1487 equites
1518 1420 1607 1470 im·

330 1483 518 1552 petati,
542 1485 629 1551 qui
663 1483 822 1552 capite
858 1484 1078 1547 luerent,
1097 1484 1130 1534 fi
1163 1485 1304 1552 pasto
1335 1503 1434 1536 non
1463 1485 1608 1537 stare-

329 1565 428 1601 tur.
466 1553 681 1619 Tempus
721 1550 834 1600 inde
871 1551 1106 1604 statutum
1143 1552 1388 1603 tradendis
1427 1552 1608 1604 obfidi-

329 1616 423 1667 bus
447 1655 460 1676 ,
496 1622 819 1684 exercituque
855 1617 1029 1668 inermi
1065 1618 1320 1670 mittendo,
1366 1620 1605 1671 Redinte-

327 1684 491 1751 gravit
513 1681 700 1734 luctum
726 1685 773 1733 in
798 1685 958 1735 castris
983 1686 1238 1737 consulum
1260 1686 1528 1749 adventUS,
1547 1701 1605 1738 ut

327 1749 414 1802 vix
445 1749 504 1799 ab
533 1751 591 1800 iis
627 1750 919 1802 abstinerent
951 1770 1120 1802 manus
1147 1791 1162 1812 ‚
1203 1773 1391 1820 quorum
1423 1757 1607 1804 temeri-

327 1834 423 1867 tate
451 1819 500 1866 in
531 1836 631 1866 eum
659 1817 808 1867 locum
840 1821 1024 1868 deduc‘li
1055 1819 1182 1885 effent
1201 1839 1222 1880 ,·
1245 1839 1433 1887 quorum
1467 1824 1607 1888 igna-

326 1884 415 1946 qia*
433 1886 607 1949 fiediv'ts
634 1887 738 1934 inde
772 1887 911 1952 queim
941 1887 1157 1953 veniffbm
1179 1890 1371 1938 abituri.
1393 1887 1498 1936 illis
1520 1908 1606 1938 non

325 1948 482 2000 ducem
515 1951 712 2000 locorum
730 1988 745 2008 ,
780 1971 864 2001 non
895 1951 1218 2019 exploratorem
1229 1954 1368 2018 ficiJJe
1388 1978 1402 2002 .·
1427 1953 1603 2004 bellua-

323 2037 427 2067 rum
459 2016 583 2067 modo
617 2037 751 2066 caecos
784 2020 834 2067 in
847 2021 1038 2082 foveam
1068 2019 1229 2085 missos.
1267 2019 1367 2068 Alii
1394 2019 1513 2070 alios
1537 2021 1605 2071 in-

323 2083 494 2143 tueri,
536 2084 859 2151 contemplari
901 2102 1036 2136 arma
1072 2102 1185 2135 mox
1232 2086 1462 2136 tradenda
1491 2125 1505 2148 ,
1550 2090 1604 2138 δε

319 2150 531 2201 inermes
568 2150 759 2200 futuras
795 2151 1021 2213 dextras,
1052 2151 1364 2220 obnoxiaque
1398 2171 1606 2221 corpora

317 2216 465 2268 hosti.
491 2234 765 2286 proponere
788 2216 1064 2286 sibimetipfi
1091 2235 1199 2269 ante
1227 2218 1403 2269 oculos
1428 2220 1602 2286 jugum

319 2283 492 2334 hostile
513 2323 526 2345 ‚
560 2287 612 2335 δε
644 2283 854 2334 ludibria
883 2283 1086 2335 victoris
1109 2324 1123 2346 ,
1162 2288 1213 2337 δε
1237 2285 1406 2336 vultus
1434 2287 1482 2336 su
1521 2304 1604 2336 er·-

320 2349 411 2401 bos
430 2389 444 2410 ‚
477 2353 527 2401 82·
551 2367 638 2419 per
665 2366 874 2401 armatos
901 2351 1162 2402 inermium
1189 2352 1283 2402 iter
1306 2352 1444 2402 :inde
1493 2353 1601 2405 oedi

319 2417 525 2485 agminis
555 2417 873 2469 miserabilem
898 2417 1031 2471 viam
1048 2435 1134 2488 per
1155 2418 1403 2470 sociorum
1423 2419 1568 2472 urbes
1585 2458 1603 2484 ,

372 2590 387 2616 x
430 2579 495 2616 Per
522 2578 783 2631 fponfionem]
813 2583 935 2631 Spon-
992 2581 1152 2633 legatis,
1175 2581 1453 2634 quaestoribus,
1472 2582 1598 2622 tribu.-

316 2630 494 2672 dentibus
513 2632 667 2673 tantum
685 2633 936 2684 consulibus,
992 2637 1050 2675 nis
1065 2665 1080 2688 ,
1102 2634 1227 2677 foedus
1252 2635 1402 2676 fastum
1423 2637 1489 2674 ixi.
