1669 3052
461 135 513 199 L
554 157 576 200 1
614 159 655 210 Β,
689 158 804 218 Eu
887 139 961 203 X.
1216 151 1345 230 385

79 214 200 267 tatia
223 214 564 287 duodeviginti
585 221 842 289 reliquere,
878 224 975 275 alio
999 226 1190 294 agmine
1207 231 1341 283 inco-
1369 243 1558 288 U.c.4<9.

61 281 199 341 2lumi
230 321 246 344 ,
277 298 333 334 ut
365 301 431 335 *ex
464 301 596 339 tanta
642 288 968 359 trepidatione
1003 330 1019 355 ,
1069 295 1343 352 Bovianum
1368 291 1557 336 a.C.29;.

75 364 367 415 perventum
390 351 472 404 est.

141 418 313 467 XLIV.
337 419 572 470 Laetitiam
590 422 845 489 utriusque
866 425 1112 479 exercitiis
1137 432 1343 485 Romani

73 481 209 532 auxit
228 485 276 533 &
294 483 353 533 ab
377 485 524 536 altera
548 502 681 554 parte
701 487 913 540 feliciter
929 492 1056 559 gesta
1079 512 1175 549 res,
1207 514 1343 550 uter-

71 563 173 613 que
194 565 253 599 ex
276 548 474 600 alterius
497 553 730 603 sententia
764 558 937 606 consul
969 574 1167 626 captum
1192 567 1339 634 oppi-

46 612 187 676 ,dum
212 614 540 691 diripiendum
556 619 700 669 militi
725 619 863 671 dedit
888 641 899 671 ε
931 624 1172 679 exhaustis
1193 630 1338 685 dein-

42 678 133 734 „de
154 680 293 731 testis
312 697 476 749 ignem
510 684 678 751 injecit
697 726 712 746 ,
736 686 1011 758 eodemque
1030 692 1108 744 die
1132 699 1339 766 Aquilo..

44 745 150 809 *nia
192 749 242 798 δε
285 750 574 801 Cominium
612 752 960 822 deflagravere.
1015 760 1075 808 Et
1109 765 1337 818 consules

37 827 180 868 ,cum
196 815 523 881 gratulatione
544 834 711 871 mutua
734 821 985 889 legionum
1005 826 1210 897 suaque,
1231 835 1335 882 cas-

63 891 137 928 tra
167 881 479 945 conjunxere.
517 891 575 936 In
605 888 868 957 conspectu
901 890 1111 943 duorum
1144 901 1335 950 exerci-

60 958 205 997 tuum
241 950 290 998 &
327 950 573 1001 Carvilius
604 954 714 1003 suos
749 973 839 1023 pro
880 957 1116 1027 cujusque
1152 967 1333 1018 merito

36 1009 280 1065 ⁷laudavit
300 1014 606 1085 donavitque
627 1041 641 1080 3
663 1022 712 1069 δε
735 1022 956 1088 Papirius
979 1064 994 1086 ,
1028 1028 1156 1094 apud
1179 1049 1329 1099 quem

33 1078 315 1146 ,multiplex
336 1120 353 1144 ,
376 1084 424 1138 in
445 1084 548 1134 acie
564 1123 579 1145 ,
606 1086 734 1136 circa
759 1088 907 1140 castra
928 1128 943 1150 ‚
970 1091 1101 1143 circa
1123 1096 1296 1149 urbem
1311 1136 1330 1160 ,

34 1142 218 1196 'fuerat
236 1164 483 1200 certamen
500 1170 533 1212 ‚·
548 1153 630 1214 Sp.
650 1154 889 1206 Nautium
910 1196 926 1218 ‚
946 1161 1024 1233 Sp.
1043 1161 1290 1228 Papirium
1309 1203 1329 1228 ,

32 1209 216 1272 >fratris
242 1213 425 1278 filium,
465 1219 515 1267 δε
540 1233 758 1286 quatuor
782 1239 1141 1288 >centuriones2
1173 1232 1326 1282 mani-

26 1278 29 1281 ’
51 1277 328 1349 pulumque
353 1282 665 1335 Hastatorum
685 1325 700 1348 ,
733 1289 932 1341 armillis
952 1294 1206 1363 aureisque
1242 1316 1326 1350 co-

19 1394 23 1396 .
50 1344 187 1395 tonis
222 1347 457 1400 donavit:
492 1352 730 1404 Nautium
758 1394 774 1417 ‚
810 1373 1010 1427 propter
1042 1363 1325 1429 expeditio-

24 1426 165 1474 ·nem
186 1451 203 1473 ,
237 1415 334 1482 quii
359 1418 520 1484 magni
541 1421 744 1485 agminis
770 1423 919 1475 modo
935 1440 1174 1479 terruerat
1206 1430 1326 1483 hos-

49 1489 129 1528 tes
152 1479 412 1544 :juvenem
432 1484 681 1553 Papirium
704 1526 719 1549 ‚
744 1506 945 1559 propter
964 1508 1185 1546 navatam
1209 1515 1325 1552 cum

7 1582 12 1587 .
46 1546 274 1612 equitatu
310 1552 362 1599 δε
386 1550 434 1599 in
461 1551 625 1619 praelio
654 1572 852 1630 operam
870 1597 886 1619 ,
914 1561 965 1610 δε
1001 1560 1145 1612 nocie
1170 1602 1185 1625 ,
1221 1567 1323 1633 qui

42 1608 214 1678 fugam
237 1614 458 1667 infestam
493 1620 790 1673 Samnitibus
814 1624 873 1675 ab
906 1626 1174 1693 Aquilonia
1193 1632 1322 1685 clam
1346 1634 1350 1639 ’

19 1679 236 1745 ,οςτείΐιε
272 1681 430 1734 fecit:
462 1694 477 1720 1
506 1688 820 1741 centuriones
856 1691 1162 1763 militesque,
1197 1699 1315 1767 quia.

35 1744 183 1813 primi
207 1764 398 1816 portam
423 1768 718 1829 murumque
754 1758 1031 1825 Aquiloniae
1062 1779 1309 1830 ceperant.

8 1812 234 1879 ,equites
268 1834 438 1868 omnes
472 1819 537 1869 ob
575 1820 655 1870 inii
694 1839 803 1873 nem
837 1825 1004 1876 multis
1035 1827 1158 1879 locis
1198 1850 1317 1902 ope-

7 1894 173 1941 ,1am,
197 1890 220 1915 ²
243 1884 509 1936 corniculis
548 1889 663 1937 armi
687 1888 839 1958 lisque
872 1895 1112 1959 argenteis
1146 1897 1314 1951 donat.

1 1945 311 2001 ,Consilium
344 1950 457 2002 inde
498 1951 720 2005 habitum
758 1995 773 2016 ‚
813 1975 965 2024 quum
995 1960 1088 2025 jam
1119 1978 1341 2034 tempus·

2 2066 5 2072 ,
33 2008 152 2062 effet
168 2012 443 2068 deducendi
462 2018 522 2068 ab
545 2021 738 2071 Samnio
755 2024 999 2076 exercitiis
1022 2043 1107 2078 aut
1131 2034 1312 2084 utrius-

26 2078 133 2145 >que
155 2118 170 2141 ‚
201 2096 285 2132 aut
306 2083 438 2136 certe
461 2084 676 2137 alterius.
706 2090 972 2158 Optimum
993 2095 1149 2146 visum
1167 2137 1183 2160 ,
1217 2119 1306 2166 quo

0 2207 14 2214 Ὦ
27 2149 182 2214 magis
192 2150 359 2213 fraC‘z‘ae
378 2170 452 2203 res
473 2156 744 2205 Samnitium
766 2158 895 2223 effi’m
913 2195 930 2216 ,
954 2179 1000 2210 eo
1015 2166 1308 2229 pertinacius·

87 2265 103 2291 1
137 2256 374 2297 Centuriones
400 2256 635 2315 militesque]
691 2265 935 2316 suspicantur
975 2271 1198 2324 interpretes
1236 2287 1307 2314 or·

25 2310 210 2353 Quatuot
239 2316 480 2351 centuriones
502 2341 514 2360 ‚
549 2328 634 2353 ma·
668 2330 875 2366 -narnenta
919 2321 1030 2362 fuisse
1082 2327 1271 2366 militaria
1292 2357 1307 2377 ,

19 2362 283 2417 -nipulumque
309 2365 423 2405 illum
451 2365 635 2406 Hastato-
690 2383 870 2424 argentea
889 2375 951 2413 vel
973 2390 1089 2417 aurea
1103 2408 1115 2427 ,
1138 2381 1188 2431 ab
1206 2379 1307 2434 figu-

0 2409 142 2469 Jr'rum,
166 2417 212 2455 de
232 2416 373 2470 quibus
390 2417 514 2458 modo
532 2434 641 2460 men·
693 2437 740 2463 ›ra
772 2439 962 2467 cornuum
1002 2444 1083 2469 non
1117 2434 1304 2473 abluden-

17 2467 87 2507 ἱεἰς)
109 2467 212 2509 faita
236 2471 304 2512 est.
696 2479 750 2516 tia
765 2507 777 2526 ‚
802 2493 886 2531 quae
912 2485 951 2520 in
976 2484 1095 2535 galeis
1122 2487 1306 2538 gestanda

695 2532 888 2572 militibus
909 2538 954 2574 iis
971 2541 1040 2589 qui
1058 2538 1204 2580 strenue
1226 2541 1303 2579 ali-

7 2626 10 2628 ,
81 2589 103 2616 2
125 2578 360 2633 Corniculis]
382 2585 525 2624 Parum
547 2595 639 2621 con·
695 2586 789 2637 quid
809 2584 969 2638 egissent
984 2618 998 2640 ‚
1020 2591 1073 2631 ab
1091 2596 1305 2649 imperato,-

23 2628 98 2672 stat
133 2632 180 2672 de
220 2635 337 2686 hujus
369 2637 478 2676 vocis
516 2636 638 2677 sensu.
696 2638 953 2683 sedarentur.

107 2689 236 2740 Tem.
267 2695 332 2740 Π.
1044 2700 1087 2751 R
