1680 3110
73 297 264 340 (Le-434.

75 345 162 385 a.C.
181 343 268 388 318.

180 2104 301 2143 Praelio

282 206 414 270 244
679 178 761 241 T.
847 172 897 235 L
941 190 965 233 1
1007 190 1052 234 v
1095 191 1122 230 1
1166 175 1193 232 ἰ’

287 287 427 332 rent,
453 262 693 318 Samnites
727 255 864 308 simul
893 251 1140 305 rebellasse
1174 254 1224 303 &
1256 247 1423 303 vicisse
1463 244 1571 298 cre:

287 341 461 392 derent
486 337 781 383 Romanurn.
819 327 954 373 Inter
982 320 1084 370 haec
1103 317 1336 368 Satricani
1358 316 1418 367 ad
1440 317 1574 365 Sam-

288 408 417 461 nites
453 398 747 450 defecerunt
768 431 783 453 ,
811 393 861 442 &
892 385 1116 454 Fregellae
1148 383 1339 433 colonia
1373 379 1575 448 necopi-

290 487 408 526 nato
441 467 658 519 adventu
694 457 985 510 Samnitium
1014 449 1188 514 (fuiffe
1213 453 1267 501 &
1294 449 1576 499 Satricanos

291 555 415 604 cumr
435 535 493 585 iis
529 531 639 582 satis
678 525 905 586 constat)
936 519 1079 574 nocie
1106 531 1350 584 occupata
1375 514 1456 565 est.
1492 511 1580 562 Ti-

291 622 406 660 mor
447 599 560 651 inde
603 610 808 647 mutuus
846 590 1081 655 utrosque
1125 585 1280 652 usque
1316 580 1376 632 ad
1418 579 1583 630 lucem

294 672 496 742 quietos
529 664 705 716 tenuit.
731 661 816 710 lux
847 671 1018 727 pugnae
1054 652 1249 703 initium
1277 648 1375 699 fuit
1399 660 1580 713 :quam
1642 655 1648 662 ·

296 733 603 807 aliquamdiu
640 744 827 796 aequam
848 764 862 786 ‚
888 728 940 774 ὃς
969 720 1084 789 quia
1114 736 1203 786 pro
1237 716 1330 766 aris
1363 730 1417 764 ac
1453 709 1585 762 focis

301 802 661 859 dimicabatur,
689 800 738 848 &
775 792 890 859 quia
927 806 986 838 ex
1023 786 1163 837 testis
1199 780 1458 847 adjuvabat
1494 778 1587 827 im·-

302 872 449 925 bellis
466 863 735 921 multitudo
753 899 767 922 ,
782 875 943 910 tamen
959 851 1225 920 Fregellani
1240 847 1586 899 sustinuerunt.

301 946 452 993 Fraus
487 932 663 987 deinde
689 947 791 980 rem
823 922 1077 976 inclinavit
1095 960 1108 980 ‚
1173 915 1276 971 uod
1296 930 1472 968 vocem
1496 928 1588 961 au·-

305 1007 403 1059 diri
441 1000 675 1074 praeconis
718 993 829 1065 paffi
865 993 1008 1050 sunt,
1045 938 1320 1039 Incociumem
1355 983 1590 1031 abiturum

309 1077 395 1143 qui
421 1091 550 1122 arma
576 1067 704 1136 posui
739 1080 797 1113 et.
831 1077 886 1110 ea
925 1059 1027 1126 spes
1060 1051 1237 1104 remislt
1266 1049 1293 1100 ξι
1323 1044 1592 1099 certamine

309 1141 502 1193 animos
524 1173 539 1197 ‚
564 1139 614 1186 <Sc
648 1130 810 1202 passim
838 1142 967 1178 arma
1003 1120 1166 1189 jactari
1203 1130 1387 1186 coepta.
1433 1109 1592 1162 Perti-

313 1207 486 1262 nacior
518 1217 626 1272 pars
669 1211 850 1250 armata
885 1210 970 1262 per
1007 1188 1219 1240 aversam
1255 1198 1445 1254 portam
1481 1195 1597 1228 eru-

317 1276 421 1346 pit,
446 1271 704 1335 tutiorque
727 1266 796 1316 eis
824 1257 1024 1312 audacia
1046 1255 1141 1306 fuit
1165 1293 1178 1315 ‚
1198 1252 1347 1320 quam
1373 1249 1601 1299 incautus
1676 1300 1680 1303 ¹

317 1342 382 1395 ad
409 1335 711 1391 credendum
751 1328 929 1382 ceteris
949 1339 1134 1394 pavor:
1166 1335 1293 1387 quos
1325 1311 1600 1366 circumda·
1664 1367 1669 1372 ⁷

319 1424 402 1461 tos
422 1405 524 1475 igni
546 1442 561 1465 ,
588 1399 922 1470 nequicquam
948 1391 1068 1442 deos
1092 1386 1338 1454 fidemque
1369 1383 1604 1432 invocati·
1667 1428 1676 1431 ⁷,

322 1493 432 1536 teS‚
458 1471 698 1524 Samnites
723 1470 1179 1517 concremaverunt.
1207 1450 1450 1503 Consules
1475 1448 1604 1497 inter

324 1545 374 1598 se
399 1538 566 1611 partiti
588 1532 897 1606 provinciaS,
920 1525 1142 1595 Papirius
1163 1521 1211 1570 in
1233 1517 1460 1588 Apuliam
1490 1525 1512 1550 2
1544 1511 1606 1563 ad
1676 1563 1680 1565 ,

326 1607 590 1663 Luceriam
614 1602 776 1672 pergit
795 1595 926 1661 ‚mhi
955 1591 1148 1659 equites
1179 1584 1383 1636 Romani
1415 1579 1607 1633 obfides
1672 1582 1680 1586 ’

328 1677 393 1732 ad
425 1672 674 1726 Caudium
713 1667 812 1719 dati
850 1648 1610 1715 custodiebantur1Pub1i1iusin

330 1742 533 1797 Samnio
568 1736 775 1790 substitit
795 1726 1024 1784 adversus
1051 1735 1066 1767 3
1102 1720 1353 1773 Caudinas
1372 1718 1609 1783 legiones,

336 1807 584 1863 Distendit
614 1817 670 1856 ea
700 1820 775 1854 res
807 1795 1096 1850 Samnitium
1127 1790 1342 1848 anim05,
1362 1782 1499 1853 quod
1520 1796 1612 1831 nec
1676 1796 1680 1797 ⁷

336 1877 399 1931 ad
424 1874 679 1927 Luceriam
711 1871 782 1921 ire
801 1907 814 1930 ,
850 1883 909 1916 ne
947 1862 1005 1912 ab
1033 1873 1174 1925 tergo
1209 1854 1401 1904 instaret
1430 1848 1614 1909 hostis;

338 1962 431 1997 nec
461 1957 656 1993 manere
676 1977 691 2000 ‚
719 1955 779 1987 ne
814 1929 1018 1984 Luceria
1058 1923 1253 1975 interim
1278 1920 1617 1974 amitteretur,

340 2012 452 2063 satis
483 2007 747 2061 audebant.
782 1999 1048 2068 Optimum
1070 1992 1225 2043 visum
1249 1989 1315 2038 est
1341 1983 1619 2036 committe-

344 2096 396 2131 re
421 2095 524 2128 rem
548 2076 783 2131 fortunae,
800 2072 850 2119 &
872 2061 1136 2133 transigere·
1155 2075 1268 2107 cum
1282 2050 1497 2103 Publilio
1517 2064 1618 2099 cer-

135 2155 321 2193 vincuntur
338 2162 527 2199 tamen.
561 2146 740 2207 Itaque
773 2137 824 2187 in
849 2132 1002 2183 aciem
1028 2140 1191 2194 coplas
1214 2122 1450 2173 educunt.

136 2205 313 2241 samnites

138 2253 161 2287 ἆ
185 2251 306 2288 Publi.

139 2302 199 2338 tio.

415 2215 555 2263 XIH.
587 2201 841 2256 Adversus
865 2214 991 2267 quos
1010 2191 1249 2245 Publilius
1274 2183 1442 2238 consul
1465 2198 1621 2250 quum

351 2279 676 2333 dimicaturus
689 2269 804 2322 effet
818 2307 833 2331 ‚
856 2263 988 2336 prius
1012 2255 1332 2327 alloquendos
1352 2250 1530 2304 milites
1549 2266 1622 2298 ra·

407 2445 430 2470 2
465 2428 542 2472 Ad
579 2423 805 2470 Luceriam]
846 2414 964 2471 Supra
1018 2410 1246 2466 potestatem
1272 2399 1415 2445 venisse
1443 2429 1453 2447 ,
1483 2411 1625 2451 quam·

357 2500 394 2527 c.
422 2499 458 2523 2.
480 2495 568 2523 ante
590 2479 807 2520 Caudinam
831 2483 966 2526 pacem
1020 2470 1078 2506 vis
1106 2464 1146 2503 id
1168 2464 1294 2503 Livius
1321 2470 1401 2497 non
1427 2464 1627 2493 memora-

357 2540 535 2581 Lucerini
558 2535 735 2574 dicuntur
759 2531 853 2567 boni
878 2525 969 2563 fide·
1022 2522 1134 2561 vetit.

359 2594 491 2646 lesque
538 2594 813 2630 Romanorum
858 2581 966 2618 socii.
1077 2564 1630 2620 3Caudinaslegiones]sana·

360 2647 433 2687 Sed
459 2647 649 2684 nimirum
676 2632 971 2687 intelligendum
1023 2629 1165 2667 nitium
1201 2623 1409 2661 exercitum
1433 2645 1444 2663 ‚
1474 2617 1542 2667 qui
1580 2610 1631 2654 ad

362 2700 417 2740 est
436 2713 499 2740 eos
522 2695 653 2752 postea
673 2696 714 2733 in
739 2690 974 2732 Samnitium
1027 2679 1223 2723 Caudium
1240 2687 1322 2716 rem
1339 2667 1517 2725 gefferat.
