<?xml version="1.0" encoding="UTF-8"?>
<!DOCTYPE html PUBLIC "-//W3C//DTD XHTML 1.0 Transitional//EN"
    "http://www.w3.org/TR/xhtml1/DTD/xhtml1-transitional.dtd">
<html xmlns="http://www.w3.org/1999/xhtml" xml:lang="en" lang="en">
 <head>
  <title>
</title>
<meta http-equiv="Content-Type" content="text/html;charset=utf-8" />
  <meta name='ocr-system' content='tesseract 3.04.00' />
  <meta name='ocr-capabilities' content='ocr_page ocr_carea ocr_par ocr_line ocrx_word'/>
</head>
<body>
  <div class='ocr_page' id='page_1' title='image "./tliviipatavinihi0102livy/tliviipatavinihi0102livy_0265.png"; bbox 0 0 1669 3052; ppageno 0'>
   <div class='ocr_carea' id='block_1_1' title="bbox 16 116 1577 1685">
    <p class='ocr_par' dir='ltr' id='par_1_1' title="bbox 16 116 1577 1685">
     <span class='ocr_line' id='line_1_1' title="bbox 428 116 1333 196; baseline -0.029 0"><span class='ocrx_word' id='word_1_1' title='bbox 428 132 479 196; x_wconf 85' lang='lat' dir='ltr'>L</span> <span class='ocrx_word' id='word_1_2' title='bbox 518 149 541 193; x_wconf 89' lang='lat'>1</span> <span class='ocrx_word' id='word_1_3' title='bbox 579 146 617 192; x_wconf 72' lang='grc' dir='ltr'><strong><em>Β</em></strong></span> <span class='ocrx_word' id='word_1_4' title='bbox 653 140 694 189; x_wconf 69' lang='lat' dir='ltr'><strong>z</strong></span> <span class='ocrx_word' id='word_1_5' title='bbox 731 144 772 188; x_wconf 73' lang='lat' dir='ltr'><strong>r.</strong></span> <span class='ocrx_word' id='word_1_6' title='bbox 845 116 964 184; x_wconf 83' lang='lat' dir='ltr'><strong>IX.</strong></span> <span class='ocrx_word' id='word_1_7' title='bbox 1202 120 1240 173; x_wconf 78' lang='lat'><strong>&#39;2</strong></span> <span class='ocrx_word' id='word_1_8' title='bbox 1254 128 1333 190; x_wconf 90' lang='lat'><strong>57</strong></span> 
     </span>
     <span class='ocr_line' id='line_1_2' title="bbox 72 193 1542 280; baseline -0.024 -3"><span class='ocrx_word' id='word_1_9' title='bbox 72 223 173 280; x_wconf 84' lang='lat' dir='ltr'><strong>rius</strong></span> <span class='ocrx_word' id='word_1_10' title='bbox 207 214 472 272; x_wconf 74' lang='lat' dir='ltr'><strong>successum</strong></span> <span class='ocrx_word' id='word_1_11' title='bbox 501 212 567 264; x_wconf 90' lang='lat' dir='ltr'><strong>est</strong></span> <span class='ocrx_word' id='word_1_12' title='bbox 596 229 607 262; x_wconf 72' lang='grc' dir='ltr'><strong><em>ι</em></strong></span> <span class='ocrx_word' id='word_1_13' title='bbox 641 209 851 259; x_wconf 82' lang='lat' dir='ltr'><strong>tironem</strong></span> <span class='ocrx_word' id='word_1_14' title='bbox 873 241 888 266; x_wconf 90' lang='lat'><strong>,</strong></span> <span class='ocrx_word' id='word_1_15' title='bbox 920 211 1005 252; x_wconf 86' lang='lat' dir='ltr'><strong>aut</strong></span> <span class='ocrx_word' id='word_1_16' title='bbox 1037 193 1160 246; x_wconf 65' lang='lat' dir='ltr'><strong>mala</strong></span> <span class='ocrx_word' id='word_1_17' title='bbox 1193 193 1333 244; x_wconf 86' lang='lat' dir='ltr'><strong>disci·</strong></span> <span class='ocrx_word' id='word_1_18' title='bbox 1353 204 1542 251; x_wconf 49' lang='grc' dir='ltr'><strong>[κομᾷ</strong></span> 
     </span>
     <span class='ocr_line' id='line_1_3' title="bbox 73 256 1545 359; baseline -0.028 -18"><span class='ocrx_word' id='word_1_19' title='bbox 73 288 202 359; x_wconf 67' lang='lat' dir='ltr'><strong>plina</strong></span> <span class='ocrx_word' id='word_1_20' title='bbox 242 285 513 337; x_wconf 86' lang='lat' dir='ltr'><strong>institutum</strong></span> <span class='ocrx_word' id='word_1_21' title='bbox 551 276 824 328; x_wconf 84' lang='lat' dir='ltr'><strong>exercitum</strong></span> <span class='ocrx_word' id='word_1_22' title='bbox 862 271 1175 333; x_wconf 81' lang='lat' dir='ltr'><strong>acceperunt.</strong></span> <span class='ocrx_word' id='word_1_23' title='bbox 1222 263 1291 308; x_wconf 86' lang='lat' dir='ltr'><strong>At</strong></span> <span class='ocrx_word' id='word_1_24' title='bbox 1319 256 1545 318; x_wconf 44' lang='lat' dir='ltr'><strong>‚QG-³¹7·</strong></span> 
     </span>
     <span class='ocr_line' id='line_1_4' title="bbox 31 328 1382 416; baseline -0.028 -7"><span class='ocrx_word' id='word_1_25' title='bbox 31 384 45 400; x_wconf 65' lang='grc' dir='ltr'><em>ι</em></span> <span class='ocrx_word' id='word_1_26' title='bbox 74 353 291 408; x_wconf 76' lang='lat' dir='ltr'><strong>Hercule</strong></span> <span class='ocrx_word' id='word_1_27' title='bbox 309 390 322 412; x_wconf 89' lang='lat'>,</span> <span class='ocrx_word' id='word_1_28' title='bbox 346 364 484 416; x_wconf 72' lang='lat' dir='ltr'><strong>reges</strong></span> <span class='ocrx_word' id='word_1_29' title='bbox 505 387 517 403; x_wconf 91' lang='lat'>‚</span> <span class='ocrx_word' id='word_1_30' title='bbox 549 360 648 394; x_wconf 89' lang='lat' dir='ltr'><strong>non</strong></span> <span class='ocrx_word' id='word_1_31' title='bbox 675 339 816 391; x_wconf 86' lang='lat' dir='ltr'><strong>liberi</strong></span> <span class='ocrx_word' id='word_1_32' title='bbox 837 334 988 386; x_wconf 75' lang='lat' dir='ltr'><strong>solum</strong></span> <span class='ocrx_word' id='word_1_33' title='bbox 1020 328 1340 397; x_wconf 86' lang='lat' dir='ltr'><strong>impedimen·</strong></span> <span class='ocrx_word' id='word_1_34' title='bbox 1377 382 1382 388; x_wconf 26' lang='grc' dir='ltr'>Ι</span> 
     </span>
     <span class='ocr_line' id='line_1_5' title="bbox 69 406 1343 476; baseline -0.026 -3"><span class='ocrx_word' id='word_1_35' title='bbox 69 423 139 473; x_wconf 66' lang='lat' dir='ltr'><strong>‘tis</strong></span> <span class='ocrx_word' id='word_1_36' title='bbox 162 418 387 471; x_wconf 88' lang='lat' dir='ltr'><strong>omnibus</strong></span> <span class='ocrx_word' id='word_1_37' title='bbox 410 455 422 476; x_wconf 91' lang='lat'><strong><em>,</em></strong></span> <span class='ocrx_word' id='word_1_38' title='bbox 450 413 530 464; x_wconf 87' lang='lat' dir='ltr'><strong>sed</strong></span> <span class='ocrx_word' id='word_1_39' title='bbox 550 406 736 461; x_wconf 90' lang='lat' dir='ltr'><strong>domini</strong></span> <span class='ocrx_word' id='word_1_40' title='bbox 754 421 916 455; x_wconf 87' lang='lat' dir='ltr'><strong>rerum</strong></span> <span class='ocrx_word' id='word_1_41' title='bbox 936 407 1343 465; x_wconf 84' lang='lat' dir='ltr'><strong>temporumque,</strong></span> 
     </span>
     <span class='ocr_line' id='line_1_6' title="bbox 76 457 1345 539; baseline -0.026 1"><span class='ocrx_word' id='word_1_42' title='bbox 76 487 276 539; x_wconf 83' lang='lat' dir='ltr'><strong>trahunt</strong></span> <span class='ocrx_word' id='word_1_43' title='bbox 300 481 508 534; x_wconf 77' lang='lat' dir='ltr'><strong>consiliis</strong></span> <span class='ocrx_word' id='word_1_44' title='bbox 530 474 705 527; x_wconf 63' lang='lat' dir='ltr'><strong>cuncta</strong></span> <span class='ocrx_word' id='word_1_45' title='bbox 726 510 740 533; x_wconf 84' lang='lat'>,</span> <span class='ocrx_word' id='word_1_46' title='bbox 765 486 864 520; x_wconf 90' lang='lat' dir='ltr'><strong>non</strong></span> <span class='ocrx_word' id='word_1_47' title='bbox 889 470 1176 535; x_wconf 88' lang='lat' dir='ltr'><strong>sequuntur.</strong></span> <span class='ocrx_word' id='word_1_48' title='bbox 1208 457 1345 509; x_wconf 86' lang='lat' dir='ltr'><strong>Invi-</strong></span> 
     </span>
     <span class='ocr_line' id='line_1_7' title="bbox 78 523 1346 618; baseline -0.027 -12"><span class='ocrx_word' id='word_1_49' title='bbox 78 554 186 606; x_wconf 67' lang='lat' dir='ltr'><strong>&amp;us</strong></span> <span class='ocrx_word' id='word_1_50' title='bbox 211 568 327 618; x_wconf 77' lang='lat' dir='ltr'><strong>ergo</strong></span> <span class='ocrx_word' id='word_1_51' title='bbox 356 543 625 599; x_wconf 78' lang='lat' dir='ltr'><strong>Alexander</strong></span> <span class='ocrx_word' id='word_1_52' title='bbox 649 556 763 590; x_wconf 89' lang='lat' dir='ltr'><strong>cum</strong></span> <span class='ocrx_word' id='word_1_53' title='bbox 791 534 985 586; x_wconf 65' lang='lat' dir='ltr'><strong>invictis</strong></span> <span class='ocrx_word' id='word_1_54' title='bbox 1008 528 1218 580; x_wconf 89' lang='lat' dir='ltr'><strong>ducibus</strong></span> <span class='ocrx_word' id='word_1_55' title='bbox 1242 523 1346 575; x_wconf 86' lang='lat' dir='ltr'><strong>bel-</strong></span> 
     </span>
     <span class='ocr_line' id='line_1_8' title="bbox 76 590 1351 687; baseline -0.027 -15"><span class='ocrx_word' id='word_1_56' title='bbox 76 621 122 672; x_wconf 86' lang='lat' dir='ltr'><strong>la</strong></span> <span class='ocrx_word' id='word_1_57' title='bbox 156 615 357 687; x_wconf 83' lang='lat' dir='ltr'><strong>geffiffet</strong></span> <span class='ocrx_word' id='word_1_58' title='bbox 377 652 390 673; x_wconf 86' lang='lat'>,</span> <span class='ocrx_word' id='word_1_59' title='bbox 415 616 463 662; x_wconf 86' lang='lat'>&amp;</span> <span class='ocrx_word' id='word_1_60' title='bbox 497 608 666 660; x_wconf 81' lang='lat' dir='ltr'><strong>eadem</strong></span> <span class='ocrx_word' id='word_1_61' title='bbox 698 603 905 654; x_wconf 77' lang='lat' dir='ltr'><strong>fortunae</strong></span> <span class='ocrx_word' id='word_1_62' title='bbox 935 599 1138 664; x_wconf 80' lang='lat' dir='ltr'><strong>pignora</strong></span> <span class='ocrx_word' id='word_1_63' title='bbox 1170 594 1221 643; x_wconf 87' lang='lat' dir='ltr'><strong>in</strong></span> <span class='ocrx_word' id='word_1_64' title='bbox 1255 590 1351 639; x_wconf 86' lang='lat' dir='ltr'><strong>dis-</strong></span> 
     </span>
     <span class='ocr_line' id='line_1_9' title="bbox 79 656 1351 738; baseline -0.024 -1"><span class='ocrx_word' id='word_1_65' title='bbox 79 687 266 738; x_wconf 84' lang='lat' dir='ltr'><strong>crimen</strong></span> <span class='ocrx_word' id='word_1_66' title='bbox 297 676 555 732; x_wconf 82' lang='lat' dir='ltr'><strong>detuliffet.</strong></span> <span class='ocrx_word' id='word_1_67' title='bbox 588 676 692 724; x_wconf 88' lang='lat' dir='ltr'><strong>imo</strong></span> <span class='ocrx_word' id='word_1_68' title='bbox 724 670 869 719; x_wconf 83' lang='lat' dir='ltr'><strong>etiam</strong></span> <span class='ocrx_word' id='word_1_69' title='bbox 905 682 965 714; x_wconf 90' lang='lat' dir='ltr'><strong>eo</strong></span> <span class='ocrx_word' id='word_1_70' title='bbox 1002 662 1110 730; x_wconf 90' lang='lat' dir='ltr'><strong>plus</strong></span> <span class='ocrx_word' id='word_1_71' title='bbox 1142 656 1351 725; x_wconf 84' lang='lat' dir='ltr'><strong>periculi</strong></span> 
     </span>
     <span class='ocr_line' id='line_1_10' title="bbox 81 724 1352 814; baseline -0.028 -11"><span class='ocrx_word' id='word_1_72' title='bbox 81 748 276 805; x_wconf 80' lang='lat' dir='ltr'><strong>subiffet</strong></span> <span class='ocrx_word' id='word_1_73' title='bbox 296 787 309 807; x_wconf 78' lang='grc'><em>,</em></span> <span class='ocrx_word' id='word_1_74' title='bbox 335 745 474 814; x_wconf 75' lang='lat' dir='ltr'><strong>quod</strong></span> <span class='ocrx_word' id='word_1_75' title='bbox 500 737 794 792; x_wconf 81' lang='lat' dir='ltr'><strong>Macedones</strong></span> <span class='ocrx_word' id='word_1_76' title='bbox 826 748 979 783; x_wconf 87' lang='lat' dir='ltr'><strong>unum</strong></span> <span class='ocrx_word' id='word_1_77' title='bbox 1015 724 1352 775; x_wconf 85' lang='lat' dir='ltr'><strong>Alexandrum</strong></span> 
     </span>
     <span class='ocr_line' id='line_1_11' title="bbox 79 790 1353 873; baseline -0.027 -3"><span class='ocrx_word' id='word_1_78' title='bbox 79 814 354 871; x_wconf 72' lang='lat' dir='ltr'><strong>habuissent</strong></span> <span class='ocrx_word' id='word_1_79' title='bbox 384 851 398 873; x_wconf 88' lang='lat'>‚</span> <span class='ocrx_word' id='word_1_80' title='bbox 442 807 609 861; x_wconf 87' lang='lat' dir='ltr'><strong>multis</strong></span> <span class='ocrx_word' id='word_1_81' title='bbox 649 802 832 853; x_wconf 82' lang='lat' dir='ltr'><strong>casibus</strong></span> <span class='ocrx_word' id='word_1_82' title='bbox 870 813 968 847; x_wconf 91' lang='lat' dir='ltr'><strong>non</strong></span> <span class='ocrx_word' id='word_1_83' title='bbox 1005 790 1159 843; x_wconf 72' lang='lat' dir='ltr'><strong>solum</strong></span> <span class='ocrx_word' id='word_1_84' title='bbox 1194 790 1353 839; x_wconf 63' lang='lat' dir='ltr'><strong>obno÷</strong></span> 
     </span>
     <span class='ocr_line' id='line_1_12' title="bbox 82 851 1356 944; baseline -0.027 -7"><span class='ocrx_word' id='word_1_85' title='bbox 82 885 221 939; x_wconf 73' lang='lat' dir='ltr'><strong>xium</strong></span> <span class='ocrx_word' id='word_1_86' title='bbox 239 922 254 944; x_wconf 91' lang='lat'>‚</span> <span class='ocrx_word' id='word_1_87' title='bbox 278 879 358 930; x_wconf 89' lang='lat' dir='ltr'><strong>sed</strong></span> <span class='ocrx_word' id='word_1_88' title='bbox 385 878 531 928; x_wconf 86' lang='lat' dir='ltr'><strong>etiam</strong></span> <span class='ocrx_word' id='word_1_89' title='bbox 553 871 839 922; x_wconf 84' lang='lat' dir='ltr'><strong>offerentem</strong></span> <span class='ocrx_word' id='word_1_90' title='bbox 864 865 936 913; x_wconf 86' lang='lat' dir='ltr'><strong>se:</strong></span> <span class='ocrx_word' id='word_1_91' title='bbox 959 857 1187 911; x_wconf 79' lang='lat' dir='ltr'><strong>Romanis</strong></span> <span class='ocrx_word' id='word_1_92' title='bbox 1211 851 1356 905; x_wconf 88' lang='lat' dir='ltr'><strong>multi</strong></span> 
     </span>
     <span class='ocr_line' id='line_1_13' title="bbox 84 926 1360 1005; baseline -0.027 -2"><span class='ocrx_word' id='word_1_93' title='bbox 84 949 283 1005; x_wconf 73' lang='lat' dir='ltr'><strong>fuissent</strong></span> <span class='ocrx_word' id='word_1_94' title='bbox 312 940 589 995; x_wconf 85' lang='lat' dir='ltr'><strong>Alexandro</strong></span> <span class='ocrx_word' id='word_1_95' title='bbox 608 976 624 998; x_wconf 80' lang='lat'>,</span> <span class='ocrx_word' id='word_1_96' title='bbox 645 933 726 987; x_wconf 86' lang='lat' dir='ltr'><strong>vel</strong></span> <span class='ocrx_word' id='word_1_97' title='bbox 752 930 909 1000; x_wconf 64' lang='lat' dir='ltr'><strong>gloria</strong></span> <span class='ocrx_word' id='word_1_98' title='bbox 929 967 943 989; x_wconf 87' lang='lat'>,</span> <span class='ocrx_word' id='word_1_99' title='bbox 963 926 1044 980; x_wconf 88' lang='lat' dir='ltr'><strong>vel</strong></span> <span class='ocrx_word' id='word_1_100' title='bbox 1074 940 1236 975; x_wconf 88' lang='lat' dir='ltr'><strong>rerum</strong></span> <span class='ocrx_word' id='word_1_101' title='bbox 1259 937 1360 970; x_wconf 84' lang='lat' dir='ltr'><strong>ma-</strong></span> 
     </span>
     <span class='ocr_line' id='line_1_14' title="bbox 85 987 1359 1093; baseline -0.028 -23"><span class='ocrx_word' id='word_1_102' title='bbox 85 1014 346 1093; x_wconf 75' lang='lat' dir='ltr'><strong>gnitudine</strong></span> <span class='ocrx_word' id='word_1_103' title='bbox 378 1025 513 1080; x_wconf 85' lang='lat' dir='ltr'><strong>pares</strong></span> <span class='ocrx_word' id='word_1_104' title='bbox 532 1045 545 1067; x_wconf 92' lang='lat'>,</span> <span class='ocrx_word' id='word_1_105' title='bbox 582 1014 607 1046; x_wconf 86' lang='lat'>4</span> <span class='ocrx_word' id='word_1_106' title='bbox 629 1017 841 1069; x_wconf 89' lang='lat' dir='ltr'><strong>quorum</strong></span> <span class='ocrx_word' id='word_1_107' title='bbox 872 999 958 1047; x_wconf 91' lang='lat' dir='ltr'><strong>suo</strong></span> <span class='ocrx_word' id='word_1_108' title='bbox 990 993 1196 1062; x_wconf 89' lang='lat' dir='ltr'><strong>quisque</strong></span> <span class='ocrx_word' id='word_1_109' title='bbox 1221 987 1359 1048; x_wconf 88' lang='lat' dir='ltr'><strong>fato,</strong></span> 
     </span>
     <span class='ocr_line' id='line_1_15' title="bbox 85 1064 1361 1151; baseline -0.027 -14"><span class='ocrx_word' id='word_1_110' title='bbox 85 1090 182 1139; x_wconf 74' lang='lat' dir='ltr'><strong>ime</strong></span> <span class='ocrx_word' id='word_1_111' title='bbox 220 1078 424 1151; x_wconf 83' lang='lat' dir='ltr'><strong>publico</strong></span> <span class='ocrx_word' id='word_1_112' title='bbox 465 1069 741 1126; x_wconf 82' lang='lat' dir='ltr'><strong>discrimine</strong></span> <span class='ocrx_word' id='word_1_113' title='bbox 772 1104 788 1129; x_wconf 90' lang='lat'>‚</span> <span class='ocrx_word' id='word_1_114' title='bbox 828 1064 1020 1119; x_wconf 83' lang='lat' dir='ltr'><strong>viveret</strong></span> <span class='ocrx_word' id='word_1_115' title='bbox 1062 1069 1361 1109; x_wconf 81' lang='lat' dir='ltr'><strong>moreretur-</strong></span> 
     </span>
     <span class='ocr_line' id='line_1_16' title="bbox 128 1168 208 1202; baseline -0.025 0"><span class='ocrx_word' id='word_1_116' title='bbox 128 1168 208 1202; x_wconf 90' lang='lat' dir='ltr'><strong>ue.</strong></span> 
     </span>
     <span class='ocr_line' id='line_1_17' title="bbox 90 1171 1577 1270; baseline -0.027 -1"><span class='ocrx_word' id='word_1_117' title='bbox 90 1171 123 1221; x_wconf 75' lang='lat' dir='ltr'>q</span> <span class='ocrx_word' id='word_1_118' title='bbox 158 1217 286 1267; x_wconf 86' lang='lat' dir='ltr'><strong>XIX.</strong></span> <span class='ocrx_word' id='word_1_119' title='bbox 326 1209 486 1262; x_wconf 86' lang='lat' dir='ltr'><strong>Restat</strong></span> <span class='ocrx_word' id='word_1_120' title='bbox 519 1220 576 1258; x_wconf 90' lang='lat' dir='ltr'><strong>ut</strong></span> <span class='ocrx_word' id='word_1_121' title='bbox 609 1201 759 1270; x_wconf 83' lang='lat' dir='ltr'><strong>copiae</strong></span> <span class='ocrx_word' id='word_1_122' title='bbox 795 1195 951 1265; x_wconf 87' lang='lat' dir='ltr'><strong>copiis</strong></span> <span class='ocrx_word' id='word_1_123' title='bbox 986 1201 1363 1259; x_wconf 75' lang='lat' dir='ltr'><strong>comparentur,</strong></span> <span class='ocrx_word' id='word_1_124' title='bbox 1427 1192 1577 1250; x_wconf 61' lang='lat' dir='ltr'><strong>collario</strong></span> 
     </span>
     <span class='ocr_line' id='line_1_18' title="bbox 22 1253 1574 1339; baseline -0.027 0"><span class='ocrx_word' id='word_1_125' title='bbox 22 1288 25 1289; x_wconf 44' lang='lat'><em>⁷</em></span> <span class='ocrx_word' id='word_1_126' title='bbox 89 1284 173 1339; x_wconf 77' lang='lat' dir='ltr'><strong>vel</strong></span> <span class='ocrx_word' id='word_1_127' title='bbox 196 1297 401 1334; x_wconf 89' lang='lat' dir='ltr'><strong>numero</strong></span> <span class='ocrx_word' id='word_1_128' title='bbox 421 1316 436 1338; x_wconf 88' lang='lat'>,</span> <span class='ocrx_word' id='word_1_129' title='bbox 467 1274 546 1327; x_wconf 89' lang='lat' dir='ltr'><strong>vel</strong></span> <span class='ocrx_word' id='word_1_130' title='bbox 568 1271 780 1323; x_wconf 87' lang='lat' dir='ltr'><strong>militum</strong></span> <span class='ocrx_word' id='word_1_131' title='bbox 803 1278 979 1334; x_wconf 84' lang='lat' dir='ltr'><strong>genere</strong></span> <span class='ocrx_word' id='word_1_132' title='bbox 998 1299 1013 1322; x_wconf 84' lang='lat'>‚</span> <span class='ocrx_word' id='word_1_133' title='bbox 1034 1259 1115 1312; x_wconf 86' lang='lat' dir='ltr'><strong>vel</strong></span> <span class='ocrx_word' id='word_1_134' title='bbox 1138 1254 1366 1309; x_wconf 88' lang='lat' dir='ltr'><strong>multitu·</strong></span> <span class='ocrx_word' id='word_1_135' title='bbox 1389 1253 1574 1291; x_wconf 61' lang='lat' dir='ltr'><strong>commus„</strong></span> 
     </span>
     <span class='ocr_line' id='line_1_19' title="bbox 93 1320 1373 1403; baseline -0.025 0"><span class='ocrx_word' id='word_1_136' title='bbox 93 1353 207 1403; x_wconf 87' lang='lat' dir='ltr'><strong>dine</strong></span> <span class='ocrx_word' id='word_1_137' title='bbox 245 1345 554 1398; x_wconf 85' lang='lat' dir='ltr'><strong>auxiliorum.</strong></span> <span class='ocrx_word' id='word_1_138' title='bbox 600 1335 938 1388; x_wconf 88' lang='lat' dir='ltr'><strong>Censebantur</strong></span> <span class='ocrx_word' id='word_1_139' title='bbox 972 1328 1075 1394; x_wconf 78' lang='lat' dir='ltr'><strong>ejus</strong></span> <span class='ocrx_word' id='word_1_140' title='bbox 1108 1322 1258 1375; x_wconf 78' lang='lat' dir='ltr'><strong>aetatis</strong></span> <span class='ocrx_word' id='word_1_141' title='bbox 1291 1320 1373 1372; x_wconf 87' lang='lat' dir='ltr'><strong>lu-</strong></span> 
     </span>
     <span class='ocr_line' id='line_1_20' title="bbox 16 1391 1371 1527; baseline -0.027 -55"><span class='ocrx_word' id='word_1_142' title='bbox 16 1424 22 1438; x_wconf 78' lang='lat'>¹</span> <span class='ocrx_word' id='word_1_143' title='bbox 91 1418 199 1470; x_wconf 84' lang='lat' dir='ltr'><strong>stris</strong></span> <span class='ocrx_word' id='word_1_144' title='bbox 231 1414 418 1464; x_wconf 88' lang='lat' dir='ltr'><strong>ducena</strong></span> <span class='ocrx_word' id='word_1_145' title='bbox 449 1407 791 1527; x_wconf 56' lang='lat' dir='ltr'><strong>quinquagena</strong></span> <span class='ocrx_word' id='word_1_146' title='bbox 822 1396 970 1449; x_wconf 81' lang='lat' dir='ltr'><strong>millia</strong></span> <span class='ocrx_word' id='word_1_147' title='bbox 1000 1392 1231 1461; x_wconf 88' lang='lat' dir='ltr'><strong>capitum.</strong></span> <span class='ocrx_word' id='word_1_148' title='bbox 1272 1391 1371 1438; x_wconf 85' lang='lat' dir='ltr'><strong>Ita-</strong></span> 
     </span>
     <span class='ocr_line' id='line_1_21' title="bbox 93 1455 1375 1555; baseline -0.027 -19"><span class='ocrx_word' id='word_1_149' title='bbox 93 1483 266 1555; x_wconf 86' lang='lat' dir='ltr'><strong>quein</strong></span> <span class='ocrx_word' id='word_1_150' title='bbox 293 1477 426 1529; x_wconf 91' lang='lat' dir='ltr'><strong>omni</strong></span> <span class='ocrx_word' id='word_1_151' title='bbox 487 1472 729 1524; x_wconf 63' lang='lat' dir='ltr'><strong>efestione</strong></span> <span class='ocrx_word' id='word_1_152' title='bbox 752 1467 998 1517; x_wconf 88' lang='lat' dir='ltr'><strong>sociorum</strong></span> <span class='ocrx_word' id='word_1_153' title='bbox 1028 1457 1186 1511; x_wconf 87' lang='lat' dir='ltr'><strong>Latini</strong></span> <span class='ocrx_word' id='word_1_154' title='bbox 1216 1455 1375 1506; x_wconf 91' lang='lat' dir='ltr'><strong>nomi-</strong></span> 
     </span>
     <span class='ocr_line' id='line_1_22' title="bbox 95 1522 1377 1612; baseline -0.024 -10"><span class='ocrx_word' id='word_1_155' title='bbox 95 1552 173 1602; x_wconf 81' lang='lat' dir='ltr'><strong>nis</strong></span> <span class='ocrx_word' id='word_1_156' title='bbox 196 1589 210 1610; x_wconf 81' lang='lat'>‚</span> <span class='ocrx_word' id='word_1_157' title='bbox 240 1546 426 1598; x_wconf 85' lang='lat' dir='ltr'><strong>urbano</strong></span> <span class='ocrx_word' id='word_1_158' title='bbox 449 1557 600 1612; x_wconf 85' lang='lat' dir='ltr'><strong>prope</strong></span> <span class='ocrx_word' id='word_1_159' title='bbox 624 1534 817 1587; x_wconf 67' lang='lat' dir='ltr'><strong>delestu</strong></span> <span class='ocrx_word' id='word_1_160' title='bbox 840 1531 1010 1582; x_wconf 91' lang='lat' dir='ltr'><strong>decem</strong></span> <span class='ocrx_word' id='word_1_161' title='bbox 1040 1522 1377 1576; x_wconf 78' lang='lat' dir='ltr'><strong>scribebantur</strong></span> 
     </span>
     <span class='ocr_line' id='line_1_23' title="bbox 95 1593 1379 1685; baseline -0.026 -16"><span class='ocrx_word' id='word_1_162' title='bbox 95 1617 334 1685; x_wconf 58' lang='lat' dir='ltr'><strong>legione&amp;</strong></span> <span class='ocrx_word' id='word_1_163' title='bbox 358 1606 583 1685; x_wconf 67' lang='lat' dir='ltr'><strong>quaterni</strong></span> <span class='ocrx_word' id='word_1_164' title='bbox 605 1602 842 1679; x_wconf 74' lang='lat' dir='ltr'><strong>quinique</strong></span> <span class='ocrx_word' id='word_1_165' title='bbox 874 1594 1118 1648; x_wconf 81' lang='lat' dir='ltr'><strong>exercitus</strong></span> <span class='ocrx_word' id='word_1_166' title='bbox 1148 1593 1264 1652; x_wconf 76' lang='lat' dir='ltr'><strong>saepe</strong></span> <span class='ocrx_word' id='word_1_167' title='bbox 1291 1605 1379 1647; x_wconf 83' lang='lat' dir='ltr'><strong>per</strong></span> 
     </span>
    </p>
   </div>
   <div class='ocr_carea' id='block_1_2' title="bbox 100 1655 1382 1808">
    <p class='ocr_par' dir='ltr' id='par_1_2' title="bbox 100 1655 1382 1808">
     <span class='ocr_line' id='line_1_24' title="bbox 100 1655 1382 1738; baseline -0.026 -3"><span class='ocrx_word' id='word_1_168' title='bbox 100 1701 186 1735; x_wconf 84' lang='lat' dir='ltr'><strong>eos</strong></span> <span class='ocrx_word' id='word_1_169' title='bbox 225 1695 374 1732; x_wconf 79' lang='lat' dir='ltr'><strong>annos</strong></span> <span class='ocrx_word' id='word_1_170' title='bbox 393 1716 407 1738; x_wconf 85' lang='lat'><strong>,</strong></span> <span class='ocrx_word' id='word_1_171' title='bbox 433 1693 480 1725; x_wconf 88' lang='lat' dir='ltr'><strong>m</strong></span> <span class='ocrx_word' id='word_1_172' title='bbox 517 1678 707 1724; x_wconf 76' lang='lat' dir='ltr'><strong>Etruria</strong></span> <span class='ocrx_word' id='word_1_173' title='bbox 727 1708 740 1729; x_wconf 90' lang='lat'>,</span> <span class='ocrx_word' id='word_1_174' title='bbox 774 1685 822 1718; x_wconf 80' lang='lat' dir='ltr'><strong>in</strong></span> <span class='ocrx_word' id='word_1_175' title='bbox 848 1662 1078 1715; x_wconf 69' lang='lat' dir='ltr'><strong>Umbria,</strong></span> <span class='ocrx_word' id='word_1_176' title='bbox 1109 1657 1263 1708; x_wconf 86' lang='lat' dir='ltr'><strong>Gallis</strong></span> <span class='ocrx_word' id='word_1_177' title='bbox 1287 1655 1382 1704; x_wconf 90' lang='lat' dir='ltr'><strong>ho-</strong></span> 
     </span>
     <span class='ocr_line' id='line_1_25' title="bbox 102 1728 1379 1808; baseline -0.025 -6"><span class='ocrx_word' id='word_1_178' title='bbox 102 1750 255 1802; x_wconf 86' lang='lat' dir='ltr'><strong>stibus</strong></span> <span class='ocrx_word' id='word_1_179' title='bbox 279 1742 519 1808; x_wconf 63' lang='lat' dir='ltr'><strong>adjunctis</strong></span> <span class='ocrx_word' id='word_1_180' title='bbox 535 1779 549 1800; x_wconf 92' lang='lat'><em>,</em></span> <span class='ocrx_word' id='word_1_181' title='bbox 578 1739 627 1789; x_wconf 88' lang='lat' dir='ltr'><strong>in</strong></span> <span class='ocrx_word' id='word_1_182' title='bbox 650 1734 844 1787; x_wconf 81' lang='lat' dir='ltr'><strong>Samnio</strong></span> <span class='ocrx_word' id='word_1_183' title='bbox 864 1770 877 1792; x_wconf 77' lang='lat'>,</span> <span class='ocrx_word' id='word_1_184' title='bbox 904 1731 952 1780; x_wconf 88' lang='lat' dir='ltr'><strong>in</strong></span> <span class='ocrx_word' id='word_1_185' title='bbox 975 1728 1185 1779; x_wconf 83' lang='lat' dir='ltr'><strong>Lucanis</strong></span> <span class='ocrx_word' id='word_1_186' title='bbox 1204 1763 1216 1783; x_wconf 80' lang='grc'><em>,</em></span> <span class='ocrx_word' id='word_1_187' title='bbox 1240 1737 1379 1790; x_wconf 84' lang='lat' dir='ltr'><strong>gere-</strong></span> 
     </span>
    </p>
   </div>
   <div class='ocr_carea' id='block_1_3' title="bbox 27 1790 1382 1871">
    <p class='ocr_par' dir='ltr' id='par_1_3' title="bbox 27 1790 1382 1871">
     <span class='ocr_line' id='line_1_26' title="bbox 27 1790 1382 1871; baseline -0.026 0"><span class='ocrx_word' id='word_1_188' title='bbox 27 1868 29 1871; x_wconf 86' lang='lat'>.</span> <span class='ocrx_word' id='word_1_189' title='bbox 100 1819 219 1869; x_wconf 82' lang='lat' dir='ltr'><strong>bant</strong></span> <span class='ocrx_word' id='word_1_190' title='bbox 246 1811 447 1864; x_wconf 84' lang='lat' dir='ltr'><strong>bellum.</strong></span> <span class='ocrx_word' id='word_1_191' title='bbox 483 1817 498 1842; x_wconf 85' lang='lat'>¹</span> <span class='ocrx_word' id='word_1_192' title='bbox 542 1804 733 1855; x_wconf 85' lang='lat' dir='ltr'><strong>Latium</strong></span> <span class='ocrx_word' id='word_1_193' title='bbox 761 1798 937 1850; x_wconf 88' lang='lat' dir='ltr'><strong>deinde</strong></span> <span class='ocrx_word' id='word_1_194' title='bbox 970 1810 1117 1845; x_wconf 86' lang='lat' dir='ltr'><strong>omne</strong></span> <span class='ocrx_word' id='word_1_195' title='bbox 1149 1808 1263 1842; x_wconf 85' lang='lat' dir='ltr'><strong>cum</strong></span> <span class='ocrx_word' id='word_1_196' title='bbox 1298 1790 1382 1838; x_wconf 88' lang='lat' dir='ltr'><strong>Sa-</strong></span> 
     </span>
    </p>
   </div>
   <div class='ocr_carea' id='block_1_4' title="bbox 56 1860 1386 2153">
    <p class='ocr_par' dir='ltr' id='par_1_4' title="bbox 56 1860 1386 2153">
     <span class='ocr_line' id='line_1_27' title="bbox 56 1860 1383 1942; baseline -0.026 -5"><span class='ocrx_word' id='word_1_197' title='bbox 56 1919 61 1923; x_wconf 91' lang='lat'>·</span> <span class='ocrx_word' id='word_1_198' title='bbox 103 1883 264 1942; x_wconf 88' lang='lat' dir='ltr'><strong>binis,</strong></span> <span class='ocrx_word' id='word_1_199' title='bbox 293 1881 342 1930; x_wconf 61' lang='grc' dir='ltr'><strong>δέ</strong></span> <span class='ocrx_word' id='word_1_200' title='bbox 371 1872 563 1928; x_wconf 83' lang='lat' dir='ltr'><strong>Volscis</strong></span> <span class='ocrx_word' id='word_1_201' title='bbox 583 1911 597 1932; x_wconf 80' lang='grc'><em>,</em></span> <span class='ocrx_word' id='word_1_202' title='bbox 624 1873 673 1920; x_wconf 85' lang='lat'>&amp;</span> <span class='ocrx_word' id='word_1_203' title='bbox 704 1865 874 1935; x_wconf 79' lang='lat' dir='ltr'><strong>AEquis</strong></span> <span class='ocrx_word' id='word_1_204' title='bbox 893 1903 906 1925; x_wconf 92' lang='lat'>,</span> <span class='ocrx_word' id='word_1_205' title='bbox 933 1865 982 1913; x_wconf 62' lang='grc' dir='ltr'><strong>δέ</strong></span> <span class='ocrx_word' id='word_1_206' title='bbox 1008 1860 1143 1912; x_wconf 85' lang='lat' dir='ltr'><strong>omni</strong></span> <span class='ocrx_word' id='word_1_207' title='bbox 1169 1860 1383 1922; x_wconf 76' lang='lat' dir='ltr'><strong>Campa-</strong></span> 
     </span>
     <span class='ocr_line' id='line_1_28' title="bbox 104 1921 1384 2014; baseline -0.024 -13"><span class='ocrx_word' id='word_1_208' title='bbox 104 1950 183 2002; x_wconf 85' lang='lat' dir='ltr'><strong>nia</strong></span> <span class='ocrx_word' id='word_1_209' title='bbox 201 1988 215 2011; x_wconf 90' lang='lat'>,</span> <span class='ocrx_word' id='word_1_210' title='bbox 240 1951 288 1998; x_wconf 74' lang='grc' dir='ltr'><strong>δε</strong></span> <span class='ocrx_word' id='word_1_211' title='bbox 313 1957 448 2014; x_wconf 89' lang='lat' dir='ltr'><strong>parte</strong></span> <span class='ocrx_word' id='word_1_212' title='bbox 475 1938 687 1990; x_wconf 74' lang='lat' dir='ltr'><strong>Umbriae</strong></span> <span class='ocrx_word' id='word_1_213' title='bbox 709 1931 1010 1998; x_wconf 79' lang='lat' dir='ltr'><strong>Etruriaeque</strong></span> <span class='ocrx_word' id='word_1_214' title='bbox 1035 1967 1049 1986; x_wconf 69' lang='lat'>,</span> <span class='ocrx_word' id='word_1_215' title='bbox 1084 1930 1131 1976; x_wconf 59' lang='grc' dir='ltr'><strong>δέ</strong></span> <span class='ocrx_word' id='word_1_216' title='bbox 1166 1921 1384 1975; x_wconf 81' lang='lat' dir='ltr'><strong>Picenti-</strong></span> 
     </span>
     <span class='ocr_line' id='line_1_29' title="bbox 104 1990 1386 2077; baseline -0.025 -8"><span class='ocrx_word' id='word_1_217' title='bbox 104 2018 199 2069; x_wconf 86' lang='lat' dir='ltr'><strong>bus</strong></span> <span class='ocrx_word' id='word_1_218' title='bbox 220 2054 234 2077; x_wconf 87' lang='lat'>,</span> <span class='ocrx_word' id='word_1_219' title='bbox 257 2017 306 2063; x_wconf 72' lang='grc' dir='ltr'><strong>δε</strong></span> <span class='ocrx_word' id='word_1_220' title='bbox 338 2005 500 2060; x_wconf 85' lang='lat' dir='ltr'><strong>Marfis</strong></span> <span class='ocrx_word' id='word_1_221' title='bbox 521 2045 536 2068; x_wconf 84' lang='lat'>,</span> <span class='ocrx_word' id='word_1_222' title='bbox 565 2001 876 2069; x_wconf 81' lang='lat' dir='ltr'><strong>Pelignisque</strong></span> <span class='ocrx_word' id='word_1_223' title='bbox 899 2036 913 2058; x_wconf 84' lang='lat'>,</span> <span class='ocrx_word' id='word_1_224' title='bbox 947 2013 1001 2046; x_wconf 89' lang='lat' dir='ltr'><strong>ac</strong></span> <span class='ocrx_word' id='word_1_225' title='bbox 1031 1990 1241 2043; x_wconf 79' lang='lat' dir='ltr'><strong>Vestinis</strong></span> <span class='ocrx_word' id='word_1_226' title='bbox 1264 2027 1278 2049; x_wconf 83' lang='lat'>,</span> <span class='ocrx_word' id='word_1_227' title='bbox 1313 2002 1386 2038; x_wconf 85' lang='lat' dir='ltr'><strong>at·-</strong></span> 
     </span>
     <span class='ocr_line' id='line_1_30' title="bbox 109 2060 1386 2153; baseline -0.023 -19"><span class='ocrx_word' id='word_1_228' title='bbox 109 2099 208 2153; x_wconf 90' lang='lat' dir='ltr'><strong>que</strong></span> <span class='ocrx_word' id='word_1_229' title='bbox 236 2076 441 2149; x_wconf 78' lang='lat' dir='ltr'><strong>Apuli83</strong></span> <span class='ocrx_word' id='word_1_230' title='bbox 467 2069 791 2139; x_wconf 64' lang='lat' dir='ltr'><strong>adjunctaque</strong></span> <span class='ocrx_word' id='word_1_231' title='bbox 821 2065 954 2116; x_wconf 92' lang='lat' dir='ltr'><strong>omni</strong></span> <span class='ocrx_word' id='word_1_232' title='bbox 981 2060 1064 2113; x_wconf 68' lang='lat' dir='ltr'><strong>ora</strong></span> <span class='ocrx_word' id='word_1_233' title='bbox 1097 2061 1386 2109; x_wconf 81' lang='lat' dir='ltr'><strong>Graecorum</strong></span> 
     </span>
    </p>
   </div>
   <div class='ocr_carea' id='block_1_5' title="bbox 58 2179 1396 2671">
    <p class='ocr_par' dir='ltr' id='par_1_5' title="bbox 58 2179 1396 2629">
     <span class='ocr_line' id='line_1_31' title="bbox 158 2179 1391 2259; baseline -0.024 -17"><span class='ocrx_word' id='word_1_234' title='bbox 158 2217 186 2253; x_wconf 86' lang='lat'>4</span> <span class='ocrx_word' id='word_1_235' title='bbox 212 2202 385 2259; x_wconf 78' lang='lat' dir='ltr'><strong>Qorum</strong></span> <span class='ocrx_word' id='word_1_236' title='bbox 400 2197 466 2250; x_wconf 76' lang='lat' dir='ltr'><strong>suo</strong></span> <span class='ocrx_word' id='word_1_237' title='bbox 490 2192 643 2250; x_wconf 76' lang='lat' dir='ltr'><strong>quisque</strong></span> <span class='ocrx_word' id='word_1_238' title='bbox 655 2189 718 2244; x_wconf 75' lang='lat' dir='ltr'><strong>fa·</strong></span> <span class='ocrx_word' id='word_1_239' title='bbox 773 2187 929 2226; x_wconf 82' lang='lat' dir='ltr'><strong>Latinos</strong></span> <span class='ocrx_word' id='word_1_240' title='bbox 962 2179 1097 2222; x_wconf 86' lang='lat' dir='ltr'><strong>deinde</strong></span> <span class='ocrx_word' id='word_1_241' title='bbox 1132 2190 1266 2218; x_wconf 84' lang='lat' dir='ltr'><strong>omnes</strong></span> <span class='ocrx_word' id='word_1_242' title='bbox 1297 2187 1391 2214; x_wconf 82' lang='lat' dir='ltr'><strong>cum</strong></span> 
     </span>
     <span class='ocr_line' id='line_1_32' title="bbox 109 2233 1396 2309; baseline -0.026 -11"><span class='ocrx_word' id='word_1_243' title='bbox 109 2245 652 2309; x_wconf 75' lang='lat' dir='ltr'><strong>to]Quotumunusquisque</strong></span> <span class='ocrx_word' id='word_1_244' title='bbox 672 2242 718 2282; x_wconf 83' lang='lat' dir='ltr'><strong>fi·</strong></span> <span class='ocrx_word' id='word_1_245' title='bbox 775 2242 924 2280; x_wconf 84' lang='lat' dir='ltr'><strong>Sabinis</strong></span> <span class='ocrx_word' id='word_1_246' title='bbox 957 2239 997 2276; x_wconf 83' lang='lat'>&amp;</span> <span class='ocrx_word' id='word_1_247' title='bbox 1029 2233 1243 2276; x_wconf 89' lang='lat' dir='ltr'><strong>Volscis....</strong></span> <span class='ocrx_word' id='word_1_248' title='bbox 1274 2240 1396 2280; x_wconf 76' lang='lat' dir='ltr'><strong>atque</strong></span> 
     </span>
     <span class='ocr_line' id='line_1_33' title="bbox 111 2282 1390 2354; baseline -0.027 -2"><span class='ocrx_word' id='word_1_249' title='bbox 111 2313 156 2352; x_wconf 85' lang='lat' dir='ltr'><strong>bi</strong></span> <span class='ocrx_word' id='word_1_250' title='bbox 173 2313 319 2352; x_wconf 87' lang='lat' dir='ltr'><strong>viveret</strong></span> <span class='ocrx_word' id='word_1_251' title='bbox 337 2335 348 2354; x_wconf 90' lang='lat'>‚</span> <span class='ocrx_word' id='word_1_252' title='bbox 379 2303 448 2343; x_wconf 83' lang='lat' dir='ltr'><strong>fibi</strong></span> <span class='ocrx_word' id='word_1_253' title='bbox 475 2311 691 2340; x_wconf 86' lang='lat' dir='ltr'><strong>moreretur</strong></span> <span class='ocrx_word' id='word_1_254' title='bbox 707 2326 718 2346; x_wconf 91' lang='lat'>,</span> <span class='ocrx_word' id='word_1_255' title='bbox 778 2294 914 2346; x_wconf 86' lang='lat' dir='ltr'><strong>Apulis</strong></span> <span class='ocrx_word' id='word_1_256' title='bbox 927 2320 938 2340; x_wconf 91' lang='lat'>,</span> <span class='ocrx_word' id='word_1_257' title='bbox 961 2293 1000 2330; x_wconf 85' lang='lat'>&amp;</span> <span class='ocrx_word' id='word_1_258' title='bbox 1017 2290 1203 2328; x_wconf 84' lang='lat' dir='ltr'><strong>Samnites</strong></span> <span class='ocrx_word' id='word_1_259' title='bbox 1219 2313 1230 2331; x_wconf 90' lang='lat'>‚</span> <span class='ocrx_word' id='word_1_260' title='bbox 1249 2282 1390 2332; x_wconf 77' lang='lat' dir='ltr'><strong>adjun-</strong></span> 
     </span>
     <span class='ocr_line' id='line_1_34' title="bbox 113 2339 1392 2409; baseline -0.027 -4"><span class='ocrx_word' id='word_1_261' title='bbox 113 2368 169 2405; x_wconf 83' lang='lat' dir='ltr'><strong>ita</strong></span> <span class='ocrx_word' id='word_1_262' title='bbox 189 2376 231 2403; x_wconf 87' lang='lat' dir='ltr'><strong>ut</strong></span> <span class='ocrx_word' id='word_1_263' title='bbox 246 2375 290 2401; x_wconf 84' lang='lat' dir='ltr'><strong>ex</strong></span> <span class='ocrx_word' id='word_1_264' title='bbox 309 2363 391 2400; x_wconf 84' lang='lat' dir='ltr'><strong>vita</strong></span> <span class='ocrx_word' id='word_1_265' title='bbox 416 2360 494 2409; x_wconf 76' lang='lat' dir='ltr'><strong>ejus</strong></span> <span class='ocrx_word' id='word_1_266' title='bbox 512 2367 578 2393; x_wconf 85' lang='lat' dir='ltr'><strong>aut</strong></span> <span class='ocrx_word' id='word_1_267' title='bbox 596 2364 723 2391; x_wconf 75' lang='lat' dir='ltr'><strong>morte</strong></span> <span class='ocrx_word' id='word_1_268' title='bbox 777 2347 835 2386; x_wconf 64' lang='lat' dir='ltr'><strong>&amp;a</strong></span> <span class='ocrx_word' id='word_1_269' title='bbox 859 2348 967 2386; x_wconf 89' lang='lat' dir='ltr'><strong>omni</strong></span> <span class='ocrx_word' id='word_1_270' title='bbox 993 2341 1061 2382; x_wconf 63' lang='lat' dir='ltr'><strong>ora</strong></span> <span class='ocrx_word' id='word_1_271' title='bbox 1083 2347 1310 2380; x_wconf 83' lang='lat' dir='ltr'><strong>Graecorum</strong></span> <span class='ocrx_word' id='word_1_272' title='bbox 1328 2339 1392 2372; x_wconf 76' lang='lat'><strong>112-</strong></span> 
     </span>
     <span class='ocr_line' id='line_1_35' title="bbox 113 2388 1392 2461; baseline -0.026 -3"><span class='ocrx_word' id='word_1_273' title='bbox 113 2417 218 2459; x_wconf 80' lang='lat' dir='ltr'><strong>nihil</strong></span> <span class='ocrx_word' id='word_1_274' title='bbox 242 2413 477 2454; x_wconf 82' lang='lat' dir='ltr'><strong>discriminis</strong></span> <span class='ocrx_word' id='word_1_275' title='bbox 506 2406 724 2461; x_wconf 73' lang='lat' dir='ltr'><strong>respublica</strong></span> <span class='ocrx_word' id='word_1_276' title='bbox 778 2400 850 2440; x_wconf 74' lang='lat' dir='ltr'><strong>feri</strong></span> <span class='ocrx_word' id='word_1_277' title='bbox 866 2401 985 2438; x_wconf 86' lang='lat' dir='ltr'><strong>maris</strong></span> <span class='ocrx_word' id='word_1_278' title='bbox 1002 2396 1024 2435; x_wconf 70' lang='grc' dir='ltr'><strong>εὶ</strong></span> <span class='ocrx_word' id='word_1_279' title='bbox 1039 2395 1196 2435; x_wconf 83' lang='lat' dir='ltr'><strong>Thuriis</strong></span> <span class='ocrx_word' id='word_1_280' title='bbox 1215 2390 1263 2430; x_wconf 84' lang='lat' dir='ltr'><strong>ad</strong></span> <span class='ocrx_word' id='word_1_281' title='bbox 1277 2388 1392 2428; x_wconf 74' lang='lat' dir='ltr'><strong>urbes</strong></span> 
     </span>
     <span class='ocr_line' id='line_1_36' title="bbox 58 2443 1392 2516; baseline -0.025 -4"><span class='ocrx_word' id='word_1_282' title='bbox 58 2492 61 2493; x_wconf 43' lang='lat'><em>⁷</em></span> <span class='ocrx_word' id='word_1_283' title='bbox 113 2473 270 2512; x_wconf 79' lang='lat' dir='ltr'><strong>sentiret</strong></span> <span class='ocrx_word' id='word_1_284' title='bbox 300 2484 312 2516; x_wconf 80' lang='lat'>3</span> <span class='ocrx_word' id='word_1_285' title='bbox 345 2469 400 2504; x_wconf 76' lang='lat' dir='ltr'><strong>ita</strong></span> <span class='ocrx_word' id='word_1_286' title='bbox 429 2476 470 2502; x_wconf 78' lang='lat' dir='ltr'><strong>ut</strong></span> <span class='ocrx_word' id='word_1_287' title='bbox 489 2491 501 2510; x_wconf 87' lang='lat'>‚</span> <span class='ocrx_word' id='word_1_288' title='bbox 531 2464 724 2500; x_wconf 78' lang='lat' dir='ltr'><strong>viveretne</strong></span> <span class='ocrx_word' id='word_1_289' title='bbox 779 2453 993 2506; x_wconf 89' lang='lat' dir='ltr'><strong>Neapolim</strong></span> <span class='ocrx_word' id='word_1_290' title='bbox 1015 2453 1054 2489; x_wconf 86' lang='lat'>&amp;</span> <span class='ocrx_word' id='word_1_291' title='bbox 1076 2452 1219 2487; x_wconf 88' lang='lat' dir='ltr'><strong>Cumas</strong></span> <span class='ocrx_word' id='word_1_292' title='bbox 1238 2472 1249 2491; x_wconf 85' lang='lat'>‚</span> <span class='ocrx_word' id='word_1_293' title='bbox 1275 2444 1315 2482; x_wconf 68' lang='grc' dir='ltr'><strong>ὃ(</strong></span> <span class='ocrx_word' id='word_1_294' title='bbox 1333 2443 1392 2479; x_wconf 85' lang='lat' dir='ltr'><strong>in-</strong></span> 
     </span>
     <span class='ocr_line' id='line_1_37' title="bbox 113 2494 1393 2566; baseline -0.027 -1"><span class='ocrx_word' id='word_1_295' title='bbox 113 2526 183 2566; x_wconf 88' lang='lat' dir='ltr'><strong>ille</strong></span> <span class='ocrx_word' id='word_1_296' title='bbox 200 2536 250 2562; x_wconf 86' lang='lat' dir='ltr'><strong>an</strong></span> <span class='ocrx_word' id='word_1_297' title='bbox 266 2530 483 2560; x_wconf 88' lang='lat' dir='ltr'><strong>moreretur</strong></span> <span class='ocrx_word' id='word_1_298' title='bbox 501 2545 512 2563; x_wconf 94' lang='lat'>‚</span> <span class='ocrx_word' id='word_1_299' title='bbox 543 2511 727 2565; x_wconf 87' lang='lat' dir='ltr'><strong>reipubli-</strong></span> <span class='ocrx_word' id='word_1_300' title='bbox 781 2508 826 2547; x_wconf 89' lang='lat' dir='ltr'><strong>de</strong></span> <span class='ocrx_word' id='word_1_301' title='bbox 847 2509 968 2546; x_wconf 84' lang='lat' dir='ltr'><strong>Antio</strong></span> <span class='ocrx_word' id='word_1_302' title='bbox 984 2515 1100 2555; x_wconf 86' lang='lat' dir='ltr'><strong>atque</strong></span> <span class='ocrx_word' id='word_1_303' title='bbox 1118 2498 1233 2539; x_wconf 84' lang='lat' dir='ltr'><strong>Ostiis</strong></span> <span class='ocrx_word' id='word_1_304' title='bbox 1253 2494 1393 2542; x_wconf 85' lang='lat' dir='ltr'><strong>tenus,</strong></span> 
     </span>
     <span class='ocr_line' id='line_1_38' title="bbox 116 2547 1387 2629; baseline -0.023 -12"><span class='ocrx_word' id='word_1_305' title='bbox 116 2591 171 2619; x_wconf 80' lang='lat' dir='ltr'><strong>cae</strong></span> <span class='ocrx_word' id='word_1_306' title='bbox 196 2588 336 2629; x_wconf 80' lang='lat' dir='ltr'><strong>patum</strong></span> <span class='ocrx_word' id='word_1_307' title='bbox 360 2567 566 2611; x_wconf 78' lang='lat' dir='ltr'><strong>interesset.</strong></span> <span class='ocrx_word' id='word_1_308' title='bbox 780 2561 847 2600; x_wconf 80' lang='lat' dir='ltr'><strong>hos</strong></span> <span class='ocrx_word' id='word_1_309' title='bbox 878 2573 1001 2599; x_wconf 86' lang='lat' dir='ltr'><strong>omnes</strong></span> <span class='ocrx_word' id='word_1_310' title='bbox 1031 2567 1098 2596; x_wconf 79' lang='lat' dir='ltr'><strong>aut</strong></span> <span class='ocrx_word' id='word_1_311' title='bbox 1129 2554 1254 2594; x_wconf 79' lang='lat' dir='ltr'><strong>socios</strong></span> <span class='ocrx_word' id='word_1_312' title='bbox 1284 2547 1387 2594; x_wconf 64' lang='lat' dir='ltr'><strong>vali—</strong></span> 
     </span>
    </p>

    <p class='ocr_par' dir='ltr' id='par_1_6' title="bbox 176 2614 986 2671">
     <span class='ocr_line' id='line_1_39' title="bbox 176 2614 986 2671; baseline -0.022 0"><span class='ocrx_word' id='word_1_313' title='bbox 176 2642 193 2671; x_wconf 80' lang='grc' dir='ltr'><strong><em>ι</em></strong></span> <span class='ocrx_word' id='word_1_314' title='bbox 238 2628 387 2670; x_wconf 77' lang='lat' dir='ltr'><strong>Latium</strong></span> <span class='ocrx_word' id='word_1_315' title='bbox 422 2622 556 2666; x_wconf 76' lang='lat' dir='ltr'><strong>deinde</strong></span> <span class='ocrx_word' id='word_1_316' title='bbox 593 2616 749 2669; x_wconf 54' lang='lat' dir='ltr'><strong>omne]</strong></span> <span class='ocrx_word' id='word_1_317' title='bbox 782 2614 852 2654; x_wconf 89' lang='lat' dir='ltr'><strong>dos</strong></span> <span class='ocrx_word' id='word_1_318' title='bbox 857 2640 986 2653; x_wconf 87' lang='grc'><strong>.....</strong></span> 
     </span>
    </p>
   </div>
  </div>
 </body>
</html>
