1669 3052
401 104 778 165 LxssER
873 101 1036 164 VH.
1253 120 1365 162 101

22 208 25 209 ⁷
95 185 323 257 fignum3
366 185 502 254 quod
554 200 850 237 convenerat
873 224 888 245 ‚
922 181 1071 233 dedit.
1123 180 1219 230 Ubi
1258 183 1371 232 inde
1399 189 1591 246 [hg-395*-

96 271 300 324 quoque
334 269 491 305 novus
525 252 708 303 clamor
738 267 874 302 ortus
893 289 908 310 ,
933 247 1214 301 &tendere
1244 248 1370 311 obli—
1396 240 1587 311 aem.

95 339 197 389 quo
222 334 388 371 monte
422 319 481 369 ad
517 319 663 369 castra
692 318 948 368 Gallorum
982 313 1066 365 visi
1099 315 1370 375 sunt3turn

41 416 46 422 ·
95 402 232 438 metu
261 423 276 443 ‚
317 403 377 436 ne
411 386 790 436 excluderentur
822 423 837 444 ‚
874 381 1036 433 omissa
1071 395 1232 449 pugna
1271 380 1370 441 est,

95 453 342 521 cursuque
362 451 512 503 effuso
535 451 592 500 ad
616 450 761 499 castra
786 448 1080 498 ferebantur.
1104 447 1188 497 ubi
1213 463 1370 514 quum

93 517 380 568 occurrisset
403 519 472 567 eis
494 521 560 566 M.
585 515 807 565 Valerius
829 555 843 575 ,
866 514 1087 581 magister
1111 514 1368 579 equitum,

136 585 187 635 ui
215 593 232 625 3
260 582 517 652 profligato
541 581 716 631 dextro
746 598 901 631 cornu
926 580 1250 648 obequitabat
1274 578 1372 628 ho*-

94 603 236 703 iiiam
266 649 609 708 munimentis,
637 647 696 697 ad
733 663 925 696 montes
968 646 1216 713 sylvasque
1260 662 1372 696 ver-

97 730 209 767 tunt
241 715 409 782 fugam
434 733 445 764 ε
472 714 767 781 plurimique
802 712 868 762 ibi
901 712 925 761 ὲ
954 711 1115 761 fallaci
1149 712 1376 779 equitum

94 782 287 850 specie,
311 791 336 824 4
368 780 753 848 agasonibusque
789 778 983 846 excepti
1019 778 1168 838 su‘nt3
1203 780 1251 828 δε
1286 794 1373 827 eo-

96 866 208 900 rum
248 864 374 916 quos
405 865 556 916 pavor
592 845 862 913 pertulerat
904 845 951 893 in
990 843 1145 909 sylvas
1175 879 1190 902 ‚
1231 857 1372 894 atrox

94 914 248 965 caedes
290 914 394 981 post
431 912 646 962 sedatum
686 911 905 979 praelium
946 908 1057 973 fuit.
1102 915 1210 959 Nec
1247 909 1372 960 alius

95 981 200 1050 post
229 984 292 1029 M.
319 979 512 1030 Furium
532 1017 545 1036 ,
570 977 718 1046 quam
741 979 806 1029 C.
831 975 1106 1043 Sulpicius,
1119 975 1370 1041 justiorem
1417 992 1587 1037 Sulpicius

95 1048 158 1097 de
183 1045 335 1096 Gallis
357 1045 458 1112 egit
480 1045 800 1113 triumphum.
820 1043 925 1093 auri
949 1059 1153 1111 quoque
1177 1059 1236 1092 ex
1259 1043 1371 1092 Gal·
1392 1042 1519 1122 ”hium-

36 1148 53 1160 .
96 1112 207 1164 licis
230 1111 392 1179 spoliis
418 1111 526 1161 satis
554 1127 783 1178 magnum
803 1108 996 1178 pondus
1029 1111 1139 1159 saxo
1163 1097 1409 1176 quadra-²
1437 1098 1490 1127 α’·

93 1194 150 1230 to
184 1179 371 1246 septum
398 1177 447 1226 in
482 1176 735 1246 Capitolio
769 1175 990 1226 sacravit.
1029 1174 1215 1225 Eodem
1244 1193 1374 1226 anno

96 1249 149 1297 δε
184 1244 212 1294 ὲ
252 1243 537 1295 consulibus
576 1244 712 1294 vario
753 1257 933 1293 eventu
975 1241 1226 1292 bellatum.
1264 1259 1375 1294 nam

100 1310 305 1363 Hernici
336 1310 361 1361 ὲ
392 1314 454 1361 Ο,
491 1309 686 1361 Plautio
718 1307 896 1361 devicti
931 1308 1212 1377 subactique
1247 1310 1375 1359 sunt.

99 1378 274 1429 Fabius
307 1376 497 1444 collega
532 1376 636 1441 ejus
676 1374 869 1426 incaute
911 1390 1058 1443 atque
1097 1374 1375 1427 inconsulte

98 1442 330 1511 adversus
363 1444 736 1512 Tarquinienses
771 1442 1023 1511 pugnavit.
1059 1452 1149 1493 nec
1183 1441 1232 1491 in
1267 1442 1373 1493 acie
1446 1459 1575 1496 contra

97 1525 291 1572 tantum
316 1510 386 1559 ibi
414 1509 565 1561 cladis
600 1524 892 1577 acceptum,
921 1508 1069 1577 quam
1102 1507 1243 1577 quod
1278 1523 1376 1559 tre·
1394 1505 1550 1563 Tf‘quf·

100 1593 272 1628 centos
294 1579 475 1645 septem
497 1576 676 1627 milites
697 1578 941 1627 Romanos
964 1590 1133 1643 captos
1165 1577 1374 1643 Tarqui·
1396 1555 1592 1649 ’,ᾆξζῗζζζῗ

98 1645 286 1696 nienses
326 1641 640 1694 immolarunt
677 1661 688 1692 :
723 1642 821 1710 qua
872 1641 1105 1693 foeditate
1153 1643 1377 1710 supplicii
1395 1650 1459 1692 sla.

97 1710 351 1778 aliquanto
379 1710 645 1774 ignominia
672 1708 845 1777 populi
871 1710 1078 1759 Romani
1107 1708 1380 1776 insignitior

99 1776 216 1828 fuit.
252 1776 466 1826 Acceffit
486 1776 544 1825 ad
569 1793 672 1826 earn
696 1775 883 1826 cladem
909 1779 957 1825 &
976 1775 1178 1826 vastatio
1200 1779 1381 1828 Roma-

98 1843 149 1894 ni
176 1843 307 1909 agri,
327 1861 474 1911 quam
505 1843 811 1894 Privernates
835 1880 850 1902 ‚
885 1841 1127 1893 Veliterni
1167 1841 1344 1893 deinde
1362 1882 1381 1906 ‚

36 1950 39 1955 ,
98 1907 373 1959 incursione
422 1909 675 1977 repentina
730 1908 970 1960 fecerunt.
1022 1907 1209 1958 Eodem
1251 1926 1383 1961 anno

100 1984 125 2020 5
152 1975 259 2028 duae
288 1975 482 2037 tribuS,
509 1976 529 2009 6
562 1977 820 2045 Pomptina
856 1973 908 2026 gc
944 1984 966 2017 7
1012 1974 1224 2027 Publilia
1243 2014 1259 2038 ‚
1298 1976 1384 2029 ad-

104 2094 109 2098 .
154 2075 170 2110 3
200 2060 402 2113 Profligato
420 2059 551 2097 dextro
567 2066 705 2109 cornu]
765 2059 894 2114 positi.

97 2118 179 2164 Qui
221 2115 322 2166 leget
367 2111 550 2151 attentius
594 2114 710 2164 hujus
819 2126 834 2160 ς
879 2118 976 2153 Duae
1012 2113 1132 2154 tribus
1150 2143 1277 2154 .....
1314 2115 1387 2154 ad·-

97 2180 234 2222 pugnae
253 2167 582 2218 descriptionem,
610 2165 709 2205 faci·
767 2167 889 2217 ditae]
932 2174 1035 2207 Tum
1065 2169 1209 2219 septem
1248 2172 1288 2208 ὃς
1318 2171 1380 2207 vi·

97 2222 134 2262 Ιὲ
170 2222 351 2274 agnoscet
380 2219 445 2258 hic
479 2233 553 2270 pro
579 2219 710 2258 dextro
766 2224 866 2273 ginti
889 2222 1013 2259 tribus
1033 2220 1144 2260 faetae
1166 2224 1266 2262 sunt.
1287 2221 1381 2263 vid,

94 2289 204 2315 cornu
230 2273 496 2327 reponendum
523 2269 596 2311 effe
615 2272 710 2324 fini·
767 2279 840 2315 VI.
873 2286 909 2321 ς.
934 2273 1063 2326 supra.

88 2328 180 2379 stro.
817 2335 840 2364 6
862 2329 1058 2381 Pomptina
1078 2333 1094 2377 ]
1118 2331 1281 2368 Nomen
1298 2340 1381 2367 tra*³
1399 2341 1402 2343 ·

151 2395 178 2429 4
213 2378 558 2434 Agafhnibusque]
590 2380 709 2420 Rese-
765 2381 822 2419 xit
845 2380 868 2419 a
896 2384 1107 2433 Pomptino
1138 2395 1237 2434 agro
1260 2395 1385 2434 prope

98 2433 222 2473 canda
240 2434 393 2475 videtur
410 2433 603 2486 particula
625 2447 708 2487 que.
767 2434 907 2473 urbem
928 2438 1161 2473 Pometiam.
1364 2446 1365 2449 ’

100 2491 254 2539 Nempe
286 2486 409 2525 fallax
434 2486 506 2525 illa
532 2488 709 2539 equitum
816 2500 842 2534 7
875 2487 1071 2538 Publilia]
1113 2485 1224 2527 Alias
1252 2486 1381 2543 Popil·

96 2542 235 2592 species
282 2540 386 2578 nihil
433 2539 542 2578 aliud
593 2552 706 2587 erat,
767 2539 834 2579 lia.
881 2543 1006 2592 Hujus
1050 2543 1223 2580 nominis
1264 2543 1383 2594 origo

97 2594 218 2649 quim
250 2593 436 2647 aganoses
470 2592 591 2635 mulis
628 2596 708 2634 im·
768 2606 910 2648 patum
941 2606 1045 2635 certa
1079 2594 1143 2633 est.

1037 2649 1074 2700 E
1108 2647 1161 2715 iij
