<?xml version="1.0" encoding="UTF-8"?>
<!DOCTYPE html PUBLIC "-//W3C//DTD XHTML 1.0 Transitional//EN"
    "http://www.w3.org/TR/xhtml1/DTD/xhtml1-transitional.dtd">
<html xmlns="http://www.w3.org/1999/xhtml" xml:lang="en" lang="en">
 <head>
  <title>
</title>
<meta http-equiv="Content-Type" content="text/html;charset=utf-8" />
  <meta name='ocr-system' content='tesseract 3.04.00' />
  <meta name='ocr-capabilities' content='ocr_page ocr_carea ocr_par ocr_line ocrx_word'/>
</head>
<body>
  <div class='ocr_page' id='page_1' title='image "./tliviipatavinihi0102livy/tliviipatavinihi0102livy_0125.png"; bbox 0 0 1669 3052; ppageno 0'>
   <div class='ocr_carea' id='block_1_1' title="bbox 390 117 1329 205">
    <p class='ocr_par' dir='ltr' id='par_1_1' title="bbox 390 117 1329 205">
     <span class='ocr_line' id='line_1_1' title="bbox 390 117 1329 205; baseline -0.044 0"><span class='ocrx_word' id='word_1_1' title='bbox 390 141 763 205; x_wconf 72' lang='lat' dir='ltr'>LIBER</span> <span class='ocrx_word' id='word_1_2' title='bbox 837 117 1000 187; x_wconf 83' lang='lat' dir='ltr'>VH.</span> <span class='ocrx_word' id='word_1_3' title='bbox 1207 127 1329 186; x_wconf 88' lang='lat'>117</span> 
     </span>
    </p>
   </div>
   <div class='ocr_carea' id='block_1_2' title="bbox 0 190 1594 1484">
    <p class='ocr_par' dir='ltr' id='par_1_2' title="bbox 0 210 55 228">
     <span class='ocr_line' id='line_1_2' title="bbox 0 210 55 228; baseline -0.055 0"><span class='ocrx_word' id='word_1_4' title='bbox 0 210 13 228; x_wconf 55' lang='grc' dir='ltr'><strong><em>ὲ</em></strong></span> <span class='ocrx_word' id='word_1_5' title='bbox 32 225 34 227; x_wconf 73' lang='grc'><strong>,</strong></span> <span class='ocrx_word' id='word_1_6' title='bbox 52 224 55 225; x_wconf 26' lang='lat'><em>⁷</em></span> 
     </span>
    </p>

    <p class='ocr_par' dir='ltr' id='par_1_3' title="bbox 34 190 1542 314">
     <span class='ocr_line' id='line_1_3' title="bbox 34 190 1542 314; baseline -0.046 -20"><span class='ocrx_word' id='word_1_7' title='bbox 34 238 191 314; x_wconf 54' lang='lat' dir='ltr'>“perio</span> <span class='ocrx_word' id='word_1_8' title='bbox 228 233 400 284; x_wconf 78' lang='lat' dir='ltr'>laturos</span> <span class='ocrx_word' id='word_1_9' title='bbox 432 238 576 273; x_wconf 81' lang='lat' dir='ltr'>arma.</span> <span class='ocrx_word' id='word_1_10' title='bbox 609 219 745 266; x_wconf 82' lang='lat' dir='ltr'>Inter</span> <span class='ocrx_word' id='word_1_11' title='bbox 777 207 877 258; x_wconf 87' lang='lat' dir='ltr'>duo</span> <span class='ocrx_word' id='word_1_12' title='bbox 910 195 1046 254; x_wconf 81' lang='lat' dir='ltr'>fimul</span> <span class='ocrx_word' id='word_1_13' title='bbox 1081 190 1210 244; x_wconf 78' lang='lat' dir='ltr'>bella</span> <span class='ocrx_word' id='word_1_14' title='bbox 1243 205 1332 239; x_wconf 80' lang='lat' dir='ltr'>ex·</span> <span class='ocrx_word' id='word_1_15' title='bbox 1354 203 1542 245; x_wconf 40' lang='lat'>2040&amp;</span> 
     </span>
    </p>

    <p class='ocr_par' dir='ltr' id='par_1_4' title="bbox 8 253 1545 374">
     <span class='ocr_line' id='line_1_4' title="bbox 52 253 1545 360; baseline -0.047 -0.061"><span class='ocrx_word' id='word_1_16' title='bbox 52 309 55 311; x_wconf 54' lang='grc'><strong>“</strong></span> <span class='ocrx_word' id='word_1_17' title='bbox 75 321 210 360; x_wconf 83' lang='lat' dir='ltr'>terna</span> <span class='ocrx_word' id='word_1_18' title='bbox 228 340 240 360; x_wconf 87' lang='lat'><strong><em>‚</em></strong></span> <span class='ocrx_word' id='word_1_19' title='bbox 268 290 544 348; x_wconf 72' lang='lat' dir='ltr'>defeffione</span> <span class='ocrx_word' id='word_1_20' title='bbox 571 282 717 334; x_wconf 88' lang='lat' dir='ltr'>etiam</span> <span class='ocrx_word' id='word_1_21' title='bbox 754 273 999 326; x_wconf 87' lang='lat' dir='ltr'>sociorum</span> <span class='ocrx_word' id='word_1_22' title='bbox 1027 266 1217 314; x_wconf 84' lang='lat' dir='ltr'>senatus</span> <span class='ocrx_word' id='word_1_23' title='bbox 1249 271 1336 306; x_wconf 79' lang='lat' dir='ltr'>an-</span> <span class='ocrx_word' id='word_1_24' title='bbox 1355 253 1545 292; x_wconf 71' lang='lat' dir='ltr'>a.e.34⁶.</span> 
     </span>
    </p>

    <p class='ocr_par' dir='ltr' id='par_1_5' title="bbox 0 319 1343 447">
     <span class='ocr_line' id='line_1_5' title="bbox 0 319 1343 447; baseline -0.046 -17"><span class='ocrx_word' id='word_1_25' title='bbox 0 375 35 447; x_wconf 89' lang='lat'>5</span> <span class='ocrx_word' id='word_1_26' title='bbox 75 374 186 428; x_wconf 74' lang='lat' dir='ltr'>⁴xius</span> <span class='ocrx_word' id='word_1_27' title='bbox 203 407 218 428; x_wconf 88' lang='lat'>,</span> <span class='ocrx_word' id='word_1_28' title='bbox 242 379 397 432; x_wconf 88' lang='lat' dir='ltr'>quum</span> <span class='ocrx_word' id='word_1_29' title='bbox 428 364 650 406; x_wconf 85' lang='lat' dir='ltr'>cerneret</span> <span class='ocrx_word' id='word_1_30' title='bbox 679 357 815 397; x_wconf 85' lang='lat' dir='ltr'>metu</span> <span class='ocrx_word' id='word_1_31' title='bbox 842 332 1081 389; x_wconf 90' lang='lat' dir='ltr'>tenendos</span> <span class='ocrx_word' id='word_1_32' title='bbox 1098 367 1112 388; x_wconf 91' lang='lat'>,</span> <span class='ocrx_word' id='word_1_33' title='bbox 1136 338 1262 393; x_wconf 88' lang='lat' dir='ltr'>quos</span> <span class='ocrx_word' id='word_1_34' title='bbox 1286 319 1343 369; x_wconf 86' lang='lat' dir='ltr'>fi-</span> 
     </span>
    </p>

    <p class='ocr_par' dir='ltr' id='par_1_6' title="bbox 80 384 1352 638">
     <span class='ocr_line' id='line_1_6' title="bbox 80 384 1348 491; baseline -0.046 1"><span class='ocrx_word' id='word_1_35' title='bbox 80 440 164 491; x_wconf 82' lang='lat' dir='ltr'>des</span> <span class='ocrx_word' id='word_1_36' title='bbox 205 449 304 485; x_wconf 92' lang='lat' dir='ltr'>non</span> <span class='ocrx_word' id='word_1_37' title='bbox 345 418 571 477; x_wconf 83' lang='lat' dir='ltr'>tenuisset</span> <span class='ocrx_word' id='word_1_38' title='bbox 598 454 613 477; x_wconf 83' lang='lat'>‚</span> <span class='ocrx_word' id='word_1_39' title='bbox 651 406 914 463; x_wconf 80' lang='lat' dir='ltr'>extendere</span> <span class='ocrx_word' id='word_1_40' title='bbox 948 411 1117 451; x_wconf 88' lang='lat' dir='ltr'>omnes</span> <span class='ocrx_word' id='word_1_41' title='bbox 1154 384 1348 456; x_wconf 85' lang='lat' dir='ltr'>imperii</span> 
     </span>
     <span class='ocr_line' id='line_1_7' title="bbox 81 451 1350 559; baseline -0.046 -1"><span class='ocrx_word' id='word_1_42' title='bbox 81 506 210 559; x_wconf 85' lang='lat' dir='ltr'>vires</span> <span class='ocrx_word' id='word_1_43' title='bbox 250 490 473 548; x_wconf 86' lang='lat' dir='ltr'>consules</span> <span class='ocrx_word' id='word_1_44' title='bbox 510 479 701 534; x_wconf 60' lang='lat' dir='ltr'>deleem</span> <span class='ocrx_word' id='word_1_45' title='bbox 743 469 970 524; x_wconf 77' lang='lat' dir='ltr'>habendo</span> <span class='ocrx_word' id='word_1_46' title='bbox 1003 461 1130 532; x_wconf 81' lang='lat' dir='ltr'>juffit</span> <span class='ocrx_word' id='word_1_47' title='bbox 1163 477 1174 509; x_wconf 74' lang='grc' dir='ltr'>ε</span> <span class='ocrx_word' id='word_1_48' title='bbox 1212 451 1350 505; x_wconf 79' lang='lat' dir='ltr'>c1vlli</span> 
     </span>
     <span class='ocr_line' id='line_1_8' title="bbox 84 519 1352 638; baseline -0.045 -15"><span class='ocrx_word' id='word_1_49' title='bbox 84 571 266 638; x_wconf 83' lang='lat' dir='ltr'>quippe</span> <span class='ocrx_word' id='word_1_50' title='bbox 291 556 506 613; x_wconf 82' lang='lat' dir='ltr'>standum</span> <span class='ocrx_word' id='word_1_51' title='bbox 530 545 749 599; x_wconf 80' lang='lat' dir='ltr'>exercitu</span> <span class='ocrx_word' id='word_1_52' title='bbox 778 537 870 589; x_wconf 83' lang='lat' dir='ltr'>effe</span> <span class='ocrx_word' id='word_1_53' title='bbox 889 575 901 595; x_wconf 86' lang='lat'>,</span> <span class='ocrx_word' id='word_1_54' title='bbox 928 529 1124 600; x_wconf 84' lang='lat' dir='ltr'>quando</span> <span class='ocrx_word' id='word_1_55' title='bbox 1151 534 1168 558; x_wconf 88' lang='lat'>1</span> <span class='ocrx_word' id='word_1_56' title='bbox 1197 519 1352 571; x_wconf 84' lang='lat' dir='ltr'>socia-</span> 
     </span>
    </p>

    <p class='ocr_par' dir='ltr' id='par_1_7' title="bbox 36 588 1565 1219">
     <span class='ocr_line' id='line_1_9' title="bbox 36 588 1561 689; baseline -0.046 3"><span class='ocrx_word' id='word_1_57' title='bbox 36 674 46 677; x_wconf 57' lang='lat'>&gt;</span> <span class='ocrx_word' id='word_1_58' title='bbox 83 640 146 689; x_wconf 84' lang='lat' dir='ltr'>lis</span> <span class='ocrx_word' id='word_1_59' title='bbox 168 645 335 685; x_wconf 82' lang='lat' dir='ltr'>coetus</span> <span class='ocrx_word' id='word_1_60' title='bbox 358 624 614 674; x_wconf 85' lang='lat' dir='ltr'>desereret.</span> <span class='ocrx_word' id='word_1_61' title='bbox 636 607 868 673; x_wconf 81' lang='lat' dir='ltr'>Undique</span> <span class='ocrx_word' id='word_1_62' title='bbox 886 640 900 662; x_wconf 93' lang='lat'>‚</span> <span class='ocrx_word' id='word_1_63' title='bbox 924 615 1023 649; x_wconf 92' lang='lat' dir='ltr'>non</span> <span class='ocrx_word' id='word_1_64' title='bbox 1045 588 1227 645; x_wconf 60' lang='lat' dir='ltr'>urbana</span> <span class='ocrx_word' id='word_1_65' title='bbox 1246 601 1351 636; x_wconf 82' lang='lat' dir='ltr'>tan-</span> <span class='ocrx_word' id='word_1_66' title='bbox 1405 597 1561 636; x_wconf 48' lang='lat' dir='ltr'>Saum„</span> 
     </span>
     <span class='ocr_line' id='line_1_10' title="bbox 93 647 1565 758; baseline -0.046 -3"><span class='ocrx_word' id='word_1_67' title='bbox 93 703 198 754; x_wconf 69' lang='lat' dir='ltr'>tum</span> <span class='ocrx_word' id='word_1_68' title='bbox 219 738 234 758; x_wconf 82' lang='lat'>‚</span> <span class='ocrx_word' id='word_1_69' title='bbox 257 694 337 746; x_wconf 87' lang='lat' dir='ltr'>sed</span> <span class='ocrx_word' id='word_1_70' title='bbox 369 689 514 741; x_wconf 79' lang='lat' dir='ltr'>etiam</span> <span class='ocrx_word' id='word_1_71' title='bbox 548 675 717 748; x_wconf 86' lang='lat' dir='ltr'>agresti</span> <span class='ocrx_word' id='word_1_72' title='bbox 750 674 1009 739; x_wconf 83' lang='lat' dir='ltr'>juventute</span> <span class='ocrx_word' id='word_1_73' title='bbox 1030 701 1043 722; x_wconf 87' lang='lat'>,</span> <span class='ocrx_word' id='word_1_74' title='bbox 1077 660 1249 708; x_wconf 85' lang='lat' dir='ltr'>decem</span> <span class='ocrx_word' id='word_1_75' title='bbox 1281 652 1349 701; x_wconf 87' lang='lat' dir='ltr'>le·</span> <span class='ocrx_word' id='word_1_76' title='bbox 1376 647 1565 702; x_wconf 46' lang='lat' dir='ltr'>tundam</span> 
     </span>
     <span class='ocr_line' id='line_1_11' title="bbox 96 697 1539 838; baseline -0.046 -17"><span class='ocrx_word' id='word_1_77' title='bbox 96 770 267 838; x_wconf 82' lang='lat' dir='ltr'>giones</span> <span class='ocrx_word' id='word_1_78' title='bbox 299 760 482 824; x_wconf 71' lang='lat' dir='ltr'>scriptre</span> <span class='ocrx_word' id='word_1_79' title='bbox 517 748 751 799; x_wconf 87' lang='lat' dir='ltr'>dicuntur</span> <span class='ocrx_word' id='word_1_80' title='bbox 782 777 796 800; x_wconf 84' lang='lat'>‚</span> <span class='ocrx_word' id='word_1_81' title='bbox 829 725 1121 803; x_wconf 66' lang='lat' dir='ltr'>quaternum</span> <span class='ocrx_word' id='word_1_82' title='bbox 1149 718 1361 772; x_wconf 87' lang='lat' dir='ltr'>millium</span> <span class='ocrx_word' id='word_1_83' title='bbox 1378 697 1539 743; x_wconf 66' lang='lat' dir='ltr'>legtones.</span> 
     </span>
     <span class='ocr_line' id='line_1_12' title="bbox 95 797 1366 889; baseline -0.047 -1"><span class='ocrx_word' id='word_1_84' title='bbox 95 840 149 889; x_wconf 59' lang='grc' dir='ltr'>δέ</span> <span class='ocrx_word' id='word_1_85' title='bbox 185 833 490 882; x_wconf 81' lang='lat' dir='ltr'>ducenorum</span> <span class='ocrx_word' id='word_1_86' title='bbox 533 813 754 884; x_wconf 86' lang='lat' dir='ltr'>peditum</span> <span class='ocrx_word' id='word_1_87' title='bbox 786 840 802 865; x_wconf 88' lang='lat'>,</span> <span class='ocrx_word' id='word_1_88' title='bbox 846 797 1169 867; x_wconf 75' lang='lat' dir='ltr'>equitumque</span> <span class='ocrx_word' id='word_1_89' title='bbox 1205 800 1366 835; x_wconf 78' lang='lat' dir='ltr'>trece-</span> 
     </span>
     <span class='ocr_line' id='line_1_13' title="bbox 102 852 1371 956; baseline -0.047 -1"><span class='ocrx_word' id='word_1_90' title='bbox 102 916 296 955; x_wconf 83' lang='lat' dir='ltr'>norum.</span> <span class='ocrx_word' id='word_1_91' title='bbox 327 904 347 928; x_wconf 87' lang='lat'><em>2</em></span> <span class='ocrx_word' id='word_1_92' title='bbox 374 903 522 956; x_wconf 86' lang='lat' dir='ltr'>quem</span> <span class='ocrx_word' id='word_1_93' title='bbox 547 893 677 931; x_wconf 88' lang='lat' dir='ltr'>nunc</span> <span class='ocrx_word' id='word_1_94' title='bbox 701 887 884 923; x_wconf 88' lang='lat' dir='ltr'>novum</span> <span class='ocrx_word' id='word_1_95' title='bbox 904 860 1203 913; x_wconf 78' lang='lat' dir='ltr'>exercitum,</span> <span class='ocrx_word' id='word_1_96' title='bbox 1222 852 1254 901; x_wconf 81' lang='lat' dir='ltr'>fi</span> <span class='ocrx_word' id='word_1_97' title='bbox 1272 866 1371 916; x_wconf 81' lang='lat' dir='ltr'>qua</span> 
     </span>
     <span class='ocr_line' id='line_1_14' title="bbox 107 915 1371 1020; baseline -0.047 0"><span class='ocrx_word' id='word_1_98' title='bbox 107 980 305 1020; x_wconf 80' lang='lat' dir='ltr'>externa</span> <span class='ocrx_word' id='word_1_99' title='bbox 335 958 408 1009; x_wconf 85' lang='lat' dir='ltr'>vis</span> <span class='ocrx_word' id='word_1_100' title='bbox 439 954 632 1016; x_wconf 81' lang='lat' dir='ltr'>ingruat</span> <span class='ocrx_word' id='word_1_101' title='bbox 654 981 669 1002; x_wconf 83' lang='lat'>,</span> <span class='ocrx_word' id='word_1_102' title='bbox 695 949 763 989; x_wconf 79' lang='lat' dir='ltr'>nae</span> <span class='ocrx_word' id='word_1_103' title='bbox 789 935 917 986; x_wconf 82' lang='lat' dir='ltr'>vires</span> <span class='ocrx_word' id='word_1_104' title='bbox 943 923 1109 997; x_wconf 78' lang='lat' dir='ltr'>populi</span> <span class='ocrx_word' id='word_1_105' title='bbox 1138 915 1371 975; x_wconf 76' lang='lat' dir='ltr'>Romani,</span> 
     </span>
     <span class='ocr_line' id='line_1_15' title="bbox 110 982 1373 1103; baseline -0.046 -17"><span class='ocrx_word' id='word_1_106' title='bbox 110 1049 230 1103; x_wconf 77' lang='lat' dir='ltr'>quas</span> <span class='ocrx_word' id='word_1_107' title='bbox 265 1028 350 1079; x_wconf 78' lang='lat' dir='ltr'>vix</span> <span class='ocrx_word' id='word_1_108' title='bbox 387 1031 624 1070; x_wconf 79' lang='lat' dir='ltr'>terrarum</span> <span class='ocrx_word' id='word_1_109' title='bbox 656 1003 786 1072; x_wconf 80' lang='lat' dir='ltr'>capit</span> <span class='ocrx_word' id='word_1_110' title='bbox 819 998 950 1049; x_wconf 82' lang='lat' dir='ltr'>orbis</span> <span class='ocrx_word' id='word_1_111' title='bbox 977 1034 992 1055; x_wconf 88' lang='lat'><em>,</em></span> <span class='ocrx_word' id='word_1_112' title='bbox 1031 984 1286 1040; x_wconf 56' lang='lat' dir='ltr'>contraitae</span> <span class='ocrx_word' id='word_1_113' title='bbox 1323 982 1373 1030; x_wconf 87' lang='lat' dir='ltr'>in</span> 
     </span>
     <span class='ocr_line' id='line_1_16' title="bbox 112 1048 1377 1153; baseline -0.047 -1"><span class='ocrx_word' id='word_1_114' title='bbox 112 1115 266 1153; x_wconf 87' lang='lat' dir='ltr'>unum</span> <span class='ocrx_word' id='word_1_115' title='bbox 287 1087 420 1142; x_wconf 78' lang='lat' dir='ltr'>haud</span> <span class='ocrx_word' id='word_1_116' title='bbox 444 1078 587 1133; x_wconf 70' lang='lat' dir='ltr'>facile</span> <span class='ocrx_word' id='word_1_117' title='bbox 612 1071 853 1125; x_wconf 83' lang='lat' dir='ltr'>efficiant:</span> <span class='ocrx_word' id='word_1_118' title='bbox 878 1062 998 1113; x_wconf 84' lang='lat' dir='ltr'>adeo</span> <span class='ocrx_word' id='word_1_119' title='bbox 1030 1058 1078 1106; x_wconf 93' lang='lat' dir='ltr'>in</span> <span class='ocrx_word' id='word_1_120' title='bbox 1108 1070 1213 1121; x_wconf 83' lang='lat' dir='ltr'>quae</span> <span class='ocrx_word' id='word_1_121' title='bbox 1242 1048 1377 1099; x_wconf 86' lang='lat' dir='ltr'>labo-</span> 
     </span>
     <span class='ocr_line' id='line_1_17' title="bbox 114 1119 1377 1219; baseline -0.046 -1"><span class='ocrx_word' id='word_1_122' title='bbox 114 1177 274 1219; x_wconf 85' lang='lat' dir='ltr'>ramus</span> <span class='ocrx_word' id='word_1_123' title='bbox 315 1154 411 1207; x_wconf 82' lang='lat' dir='ltr'>sola</span> <span class='ocrx_word' id='word_1_124' title='bbox 458 1144 745 1199; x_wconf 61' lang='lat' dir='ltr'>crevimus,</span> <span class='ocrx_word' id='word_1_125' title='bbox 781 1130 976 1183; x_wconf 80' lang='lat' dir='ltr'>divitias</span> <span class='ocrx_word' id='word_1_126' title='bbox 1017 1119 1377 1183; x_wconf 77' lang='lat' dir='ltr'>luxuriamque.</span> 
     </span>
    </p>

    <p class='ocr_par' dir='ltr' id='par_1_8' title="bbox 36 1183 1594 1484">
     <span class='ocr_line' id='line_1_18' title="bbox 36 1183 1556 1293; baseline -0.045 -6"><span class='ocrx_word' id='word_1_127' title='bbox 36 1286 49 1293; x_wconf 20' lang='grc' dir='ltr'>Α,</span> <span class='ocrx_word' id='word_1_128' title='bbox 112 1238 252 1282; x_wconf 81' lang='lat' dir='ltr'>Inter</span> <span class='ocrx_word' id='word_1_129' title='bbox 287 1236 448 1274; x_wconf 85' lang='lat' dir='ltr'>cetera</span> <span class='ocrx_word' id='word_1_130' title='bbox 471 1211 619 1265; x_wconf 81' lang='lat' dir='ltr'>tristia</span> <span class='ocrx_word' id='word_1_131' title='bbox 645 1206 747 1270; x_wconf 83' lang='lat' dir='ltr'>ejus</span> <span class='ocrx_word' id='word_1_132' title='bbox 775 1197 918 1257; x_wconf 84' lang='lat' dir='ltr'>anni,</span> <span class='ocrx_word' id='word_1_133' title='bbox 941 1187 1110 1244; x_wconf 82' lang='lat' dir='ltr'>consul</span> <span class='ocrx_word' id='word_1_134' title='bbox 1138 1183 1257 1235; x_wconf 83' lang='lat' dir='ltr'>alter</span> <span class='ocrx_word' id='word_1_135' title='bbox 1289 1186 1381 1248; x_wconf 84' lang='lat' dir='ltr'>Ap.</span> <span class='ocrx_word' id='word_1_136' title='bbox 1450 1190 1556 1228; x_wconf 67' lang='lat' dir='ltr'>Alte,-</span> 
     </span>
     <span class='ocr_line' id='line_1_19' title="bbox 123 1241 1594 1351; baseline -0.047 -1"><span class='ocrx_word' id='word_1_137' title='bbox 123 1292 364 1349; x_wconf 86' lang='lat' dir='ltr'>Claudius</span> <span class='ocrx_word' id='word_1_138' title='bbox 392 1288 441 1336; x_wconf 88' lang='lat' dir='ltr'>in</span> <span class='ocrx_word' id='word_1_139' title='bbox 463 1282 564 1351; x_wconf 85' lang='lat' dir='ltr'>ipso</span> <span class='ocrx_word' id='word_1_140' title='bbox 589 1273 705 1326; x_wconf 89' lang='lat' dir='ltr'>belli</span> <span class='ocrx_word' id='word_1_141' title='bbox 729 1277 958 1336; x_wconf 77' lang='lat' dir='ltr'>apparatu</span> <span class='ocrx_word' id='word_1_142' title='bbox 981 1256 1204 1309; x_wconf 83' lang='lat' dir='ltr'>moritur.</span> <span class='ocrx_word' id='word_1_143' title='bbox 1232 1245 1384 1298; x_wconf 86' lang='lat' dir='ltr'>redie-</span> <span class='ocrx_word' id='word_1_144' title='bbox 1406 1241 1594 1296; x_wconf 62' lang='lat' dir='ltr'>cqnsucm„</span> 
     </span>
     <span class='ocr_line' id='line_1_20' title="bbox 125 1299 1510 1429; baseline -0.048 -10"><span class='ocrx_word' id='word_1_145' title='bbox 125 1375 333 1429; x_wconf 81' lang='lat' dir='ltr'>rantque</span> <span class='ocrx_word' id='word_1_146' title='bbox 366 1369 442 1404; x_wconf 86' lang='lat' dir='ltr'>res</span> <span class='ocrx_word' id='word_1_147' title='bbox 472 1346 532 1400; x_wconf 83' lang='lat' dir='ltr'>ad</span> <span class='ocrx_word' id='word_1_148' title='bbox 560 1337 856 1393; x_wconf 81' lang='lat' dir='ltr'>Camillum:</span> <span class='ocrx_word' id='word_1_149' title='bbox 881 1328 961 1379; x_wconf 89' lang='lat' dir='ltr'>cui</span> <span class='ocrx_word' id='word_1_150' title='bbox 988 1323 1138 1375; x_wconf 89' lang='lat' dir='ltr'>unico</span> <span class='ocrx_word' id='word_1_151' title='bbox 1168 1312 1388 1372; x_wconf 88' lang='lat' dir='ltr'>consuli,</span> <span class='ocrx_word' id='word_1_152' title='bbox 1406 1299 1510 1328; x_wconf 60' lang='lat' dir='ltr'>mm·</span> 
     </span>
     <span class='ocr_line' id='line_1_21' title="bbox 127 1379 1394 1484; baseline -0.047 0"><span class='ocrx_word' id='word_1_153' title='bbox 127 1430 208 1484; x_wconf 80' lang='lat' dir='ltr'>vel</span> <span class='ocrx_word' id='word_1_154' title='bbox 243 1425 308 1477; x_wconf 90' lang='lat' dir='ltr'>ob</span> <span class='ocrx_word' id='word_1_155' title='bbox 343 1420 487 1472; x_wconf 80' lang='lat' dir='ltr'>aliam</span> <span class='ocrx_word' id='word_1_156' title='bbox 515 1405 846 1477; x_wconf 75' lang='lat' dir='ltr'>dignationem</span> <span class='ocrx_word' id='word_1_157' title='bbox 882 1392 1015 1447; x_wconf 90' lang='lat' dir='ltr'>haud</span> <span class='ocrx_word' id='word_1_158' title='bbox 1046 1379 1394 1449; x_wconf 67' lang='lat' dir='ltr'>subjiciendam</span> 
     </span>
    </p>
   </div>
   <div class='ocr_carea' id='block_1_3' title="bbox 129 1448 1608 1595">
    <p class='ocr_par' dir='ltr' id='par_1_9' title="bbox 129 1448 1608 1595">
     <span class='ocr_line' id='line_1_22' title="bbox 129 1448 1598 1550; baseline -0.05 1"><span class='ocrx_word' id='word_1_159' title='bbox 129 1496 375 1550; x_wconf 50' lang='lat' dir='ltr'>dietam&amp;</span> <span class='ocrx_word' id='word_1_160' title='bbox 395 1526 410 1549; x_wconf 85' lang='lat'>‚</span> <span class='ocrx_word' id='word_1_161' title='bbox 433 1480 513 1537; x_wconf 86' lang='lat' dir='ltr'>vel</span> <span class='ocrx_word' id='word_1_162' title='bbox 534 1478 600 1529; x_wconf 90' lang='lat' dir='ltr'>ob</span> <span class='ocrx_word' id='word_1_163' title='bbox 625 1484 641 1517; x_wconf 82' lang='lat'>3</span> <span class='ocrx_word' id='word_1_164' title='bbox 670 1483 815 1522; x_wconf 88' lang='lat' dir='ltr'>omen</span> <span class='ocrx_word' id='word_1_165' title='bbox 840 1461 1045 1514; x_wconf 77' lang='lat' dir='ltr'>faustum</span> <span class='ocrx_word' id='word_1_166' title='bbox 1066 1454 1126 1505; x_wconf 86' lang='lat' dir='ltr'>ad</span> <span class='ocrx_word' id='word_1_167' title='bbox 1150 1448 1397 1501; x_wconf 85' lang='lat' dir='ltr'>Gallicum</span> <span class='ocrx_word' id='word_1_168' title='bbox 1466 1451 1598 1490; x_wconf 59' lang='lat' dir='ltr'>neum..</span> 
     </span>
     <span class='ocr_line' id='line_1_23' title="bbox 853 1502 1608 1595; baseline -0.054 -14"><span class='ocrx_word' id='word_1_169' title='bbox 853 1527 1143 1595; x_wconf 65' lang='lat' dir='ltr'>distatorem</span> <span class='ocrx_word' id='word_1_170' title='bbox 1187 1510 1402 1580; x_wconf 80' lang='lat' dir='ltr'>arrogari</span> <span class='ocrx_word' id='word_1_171' title='bbox 1422 1502 1608 1540; x_wconf 74' lang='lat' dir='ltr'>Gallicum,</span> 
     </span>
    </p>
   </div>
   <div class='ocr_carea' id='block_1_4' title="bbox 149 1843 1421 1999">
    <p class='ocr_par' dir='ltr' id='par_1_10' title="bbox 149 1843 1421 1999">
     <span class='ocr_line' id='line_1_24' title="bbox 204 1843 1420 1933; baseline -0.045 2"><span class='ocrx_word' id='word_1_172' title='bbox 204 1907 219 1933; x_wconf 85' lang='lat'>1</span> <span class='ocrx_word' id='word_1_173' title='bbox 243 1888 402 1933; x_wconf 78' lang='lat' dir='ltr'>socialis</span> <span class='ocrx_word' id='word_1_174' title='bbox 419 1894 532 1926; x_wconf 79' lang='lat' dir='ltr'>coetus</span> <span class='ocrx_word' id='word_1_175' title='bbox 546 1888 563 1932; x_wconf 87' lang='lat'>]</span> <span class='ocrx_word' id='word_1_176' title='bbox 577 1884 667 1920; x_wconf 84' lang='lat' dir='ltr'>Vox</span> <span class='ocrx_word' id='word_1_177' title='bbox 685 1886 755 1913; x_wconf 86' lang='lat' dir='ltr'>coe-</span> <span class='ocrx_word' id='word_1_178' title='bbox 810 1866 935 1906; x_wconf 81' lang='lat' dir='ltr'>subita</span> <span class='ocrx_word' id='word_1_179' title='bbox 957 1873 995 1900; x_wconf 88' lang='lat' dir='ltr'>re</span> <span class='ocrx_word' id='word_1_180' title='bbox 1017 1868 1112 1909; x_wconf 86' lang='lat' dir='ltr'>opus</span> <span class='ocrx_word' id='word_1_181' title='bbox 1132 1851 1176 1891; x_wconf 86' lang='lat' dir='ltr'>fit</span> <span class='ocrx_word' id='word_1_182' title='bbox 1193 1880 1203 1898; x_wconf 90' lang='lat'>,</span> <span class='ocrx_word' id='word_1_183' title='bbox 1230 1846 1337 1888; x_wconf 86' lang='lat' dir='ltr'>haud</span> <span class='ocrx_word' id='word_1_184' title='bbox 1357 1843 1420 1883; x_wconf 83' lang='lat' dir='ltr'>fa-</span> 
     </span>
     <span class='ocr_line' id='line_1_25' title="bbox 149 1907 1421 1999; baseline -0.045 -8"><span class='ocrx_word' id='word_1_185' title='bbox 149 1962 211 1992; x_wconf 77' lang='lat' dir='ltr'>tus</span> <span class='ocrx_word' id='word_1_186' title='bbox 233 1942 423 1999; x_wconf 84' lang='lat' dir='ltr'>superflua</span> <span class='ocrx_word' id='word_1_187' title='bbox 447 1938 524 1985; x_wconf 90' lang='lat' dir='ltr'>est,</span> <span class='ocrx_word' id='word_1_188' title='bbox 551 1938 592 1974; x_wconf 86' lang='lat'>&amp;</span> <span class='ocrx_word' id='word_1_189' title='bbox 617 1940 758 1985; x_wconf 81' lang='lat' dir='ltr'>parum</span> <span class='ocrx_word' id='word_1_190' title='bbox 811 1919 884 1961; x_wconf 76' lang='lat' dir='ltr'>cile</span> <span class='ocrx_word' id='word_1_191' title='bbox 913 1925 1064 1955; x_wconf 77' lang='lat' dir='ltr'>tantum</span> <span class='ocrx_word' id='word_1_192' title='bbox 1090 1907 1266 1947; x_wconf 83' lang='lat' dir='ltr'>militum</span> <span class='ocrx_word' id='word_1_193' title='bbox 1291 1911 1421 1939; x_wconf 85' lang='lat' dir='ltr'>arma-</span> 
     </span>
    </p>
   </div>
   <div class='ocr_carea' id='block_1_5' title="bbox 156 2118 1429 2216">
    <p class='ocr_par' dir='ltr' id='par_1_11' title="bbox 156 2118 1429 2216">
     <span class='ocr_line' id='line_1_26' title="bbox 156 2118 358 2150; baseline -0.035 0"><span class='ocrx_word' id='word_1_194' title='bbox 156 2118 358 2150; x_wconf 62' lang='lat' dir='ltr'>exet-atus.</span> 
     </span>
     <span class='ocr_line' id='line_1_27' title="bbox 214 2120 1429 2216; baseline -0.044 -15"><span class='ocrx_word' id='word_1_195' title='bbox 214 2176 235 2200; x_wconf 87' lang='lat'><em>2</em></span> <span class='ocrx_word' id='word_1_196' title='bbox 257 2160 383 2216; x_wconf 79' lang='lat' dir='ltr'>Qem</span> <span class='ocrx_word' id='word_1_197' title='bbox 398 2165 490 2193; x_wconf 86' lang='lat' dir='ltr'>nunc</span> <span class='ocrx_word' id='word_1_198' title='bbox 506 2159 645 2189; x_wconf 78' lang='lat' dir='ltr'>novum</span> <span class='ocrx_word' id='word_1_199' title='bbox 661 2154 767 2182; x_wconf 74' lang='lat' dir='ltr'>exer·</span> <span class='ocrx_word' id='word_1_200' title='bbox 878 2147 892 2181; x_wconf 84' lang='lat'><em>3</em></span> <span class='ocrx_word' id='word_1_201' title='bbox 919 2132 1033 2175; x_wconf 60' lang='lat' dir='ltr'>Omen</span> <span class='ocrx_word' id='word_1_202' title='bbox 1041 2120 1205 2179; x_wconf 79' lang='lat' dir='ltr'>faustum</span> <span class='ocrx_word' id='word_1_203' title='bbox 1221 2147 1229 2156; x_wconf 93' lang='lat'><em>.</em></span> <span class='ocrx_word' id='word_1_204' title='bbox 1247 2149 1255 2157; x_wconf 92' lang='lat'>.</span> <span class='ocrx_word' id='word_1_205' title='bbox 1270 2146 1281 2156; x_wconf 92' lang='lat'><strong>.</strong></span> <span class='ocrx_word' id='word_1_206' title='bbox 1303 2125 1429 2166; x_wconf 80' lang='lat' dir='ltr'>cogno-</span> 
     </span>
    </p>
   </div>
   <div class='ocr_carea' id='block_1_6' title="bbox 160 2165 1449 2638">
    <p class='ocr_par' dir='ltr' id='par_1_12' title="bbox 160 2165 1449 2638">
     <span class='ocr_line' id='line_1_28' title="bbox 160 2165 1430 2263; baseline -0.044 -6"><span class='ocrx_word' id='word_1_207' title='bbox 160 2217 304 2263; x_wconf 72' lang='lat' dir='ltr'>citum]</span> <span class='ocrx_word' id='word_1_208' title='bbox 346 2203 601 2249; x_wconf 77' lang='lat' dir='ltr'>observanda</span> <span class='ocrx_word' id='word_1_209' title='bbox 636 2192 768 2236; x_wconf 70' lang='lat' dir='ltr'>sedule&gt;</span> <span class='ocrx_word' id='word_1_210' title='bbox 823 2187 968 2233; x_wconf 81' lang='lat' dir='ltr'>minis]</span> <span class='ocrx_word' id='word_1_211' title='bbox 992 2177 1093 2227; x_wconf 73' lang='lat' dir='ltr'>Vere</span> <span class='ocrx_word' id='word_1_212' title='bbox 1121 2179 1160 2214; x_wconf 73' lang='grc' dir='ltr'>ὅ(</span> <span class='ocrx_word' id='word_1_213' title='bbox 1187 2167 1342 2226; x_wconf 71' lang='lat' dir='ltr'>proprie</span> <span class='ocrx_word' id='word_1_214' title='bbox 1371 2165 1430 2203; x_wconf 87' lang='lat' dir='ltr'>lo-</span> 
     </span>
     <span class='ocr_line' id='line_1_29' title="bbox 163 2227 1433 2311; baseline -0.045 0"><span class='ocrx_word' id='word_1_215' title='bbox 163 2269 217 2311; x_wconf 86' lang='lat' dir='ltr'>est</span> <span class='ocrx_word' id='word_1_216' title='bbox 234 2280 311 2308; x_wconf 86' lang='lat' dir='ltr'>vox</span> <span class='ocrx_word' id='word_1_217' title='bbox 328 2274 466 2303; x_wconf 77' lang='lat' dir='ltr'>novum</span> <span class='ocrx_word' id='word_1_218' title='bbox 480 2286 490 2304; x_wconf 95' lang='lat'>,</span> <span class='ocrx_word' id='word_1_219' title='bbox 514 2256 541 2295; x_wconf 86' lang='lat' dir='ltr'>fi</span> <span class='ocrx_word' id='word_1_220' title='bbox 559 2255 643 2307; x_wconf 84' lang='lat' dir='ltr'>quis</span> <span class='ocrx_word' id='word_1_221' title='bbox 660 2261 770 2289; x_wconf 87' lang='lat' dir='ltr'>rnen-</span> <span class='ocrx_word' id='word_1_222' title='bbox 826 2243 956 2295; x_wconf 85' lang='lat' dir='ltr'>quitur</span> <span class='ocrx_word' id='word_1_223' title='bbox 983 2236 1109 2277; x_wconf 74' lang='lat' dir='ltr'>Livius</span> <span class='ocrx_word' id='word_1_224' title='bbox 1125 2259 1137 2278; x_wconf 90' lang='lat'>‚</span> <span class='ocrx_word' id='word_1_225' title='bbox 1164 2227 1258 2265; x_wconf 90' lang='lat' dir='ltr'>dum</span> <span class='ocrx_word' id='word_1_226' title='bbox 1282 2231 1433 2272; x_wconf 80' lang='lat' dir='ltr'>cogno-</span> 
     </span>
     <span class='ocr_line' id='line_1_30' title="bbox 165 2273 1436 2365; baseline -0.045 -1"><span class='ocrx_word' id='word_1_227' title='bbox 165 2336 246 2365; x_wconf 85' lang='lat' dir='ltr'>tem</span> <span class='ocrx_word' id='word_1_228' title='bbox 264 2320 365 2360; x_wconf 87' lang='lat' dir='ltr'>Livii</span> <span class='ocrx_word' id='word_1_229' title='bbox 385 2311 530 2365; x_wconf 82' lang='lat' dir='ltr'>affequi</span> <span class='ocrx_word' id='word_1_230' title='bbox 550 2307 659 2348; x_wconf 85' lang='lat' dir='ltr'>velit.</span> <span class='ocrx_word' id='word_1_231' title='bbox 690 2307 773 2342; x_wconf 86' lang='lat' dir='ltr'>Au·</span> <span class='ocrx_word' id='word_1_232' title='bbox 829 2295 944 2335; x_wconf 86' lang='lat' dir='ltr'>minis</span> <span class='ocrx_word' id='word_1_233' title='bbox 985 2286 1051 2327; x_wconf 82' lang='lat' dir='ltr'>hic</span> <span class='ocrx_word' id='word_1_234' title='bbox 1084 2314 1097 2334; x_wconf 89' lang='lat'>‚</span> <span class='ocrx_word' id='word_1_235' title='bbox 1143 2293 1223 2320; x_wconf 89' lang='lat' dir='ltr'>non</span> <span class='ocrx_word' id='word_1_236' title='bbox 1263 2273 1436 2314; x_wconf 86' lang='lat' dir='ltr'>nominis</span> 
     </span>
     <span class='ocr_line' id='line_1_31' title="bbox 171 2327 1439 2430; baseline -0.045 -13"><span class='ocrx_word' id='word_1_237' title='bbox 171 2375 280 2430; x_wconf 77' lang='lat' dir='ltr'>gusto</span> <span class='ocrx_word' id='word_1_238' title='bbox 321 2370 479 2425; x_wconf 88' lang='lat' dir='ltr'>quidem</span> <span class='ocrx_word' id='word_1_239' title='bbox 522 2367 735 2414; x_wconf 82' lang='lat' dir='ltr'>imperante</span> <span class='ocrx_word' id='word_1_240' title='bbox 763 2383 774 2401; x_wconf 94' lang='lat'>,</span> <span class='ocrx_word' id='word_1_241' title='bbox 832 2347 1073 2388; x_wconf 83' lang='lat' dir='ltr'>mentionem</span> <span class='ocrx_word' id='word_1_242' title='bbox 1097 2336 1205 2377; x_wconf 79' lang='lat' dir='ltr'>facit.</span> <span class='ocrx_word' id='word_1_243' title='bbox 1238 2330 1309 2370; x_wconf 86' lang='lat' dir='ltr'>Ille</span> <span class='ocrx_word' id='word_1_244' title='bbox 1333 2327 1439 2365; x_wconf 86' lang='lat' dir='ltr'>enim</span> 
     </span>
     <span class='ocr_line' id='line_1_32' title="bbox 173 2379 1441 2482; baseline -0.045 -11"><span class='ocrx_word' id='word_1_245' title='bbox 173 2430 256 2482; x_wconf 76' lang='lat' dir='ltr'>ipso</span> <span class='ocrx_word' id='word_1_246' title='bbox 278 2429 380 2480; x_wconf 80' lang='lat' dir='ltr'>pacis</span> <span class='ocrx_word' id='word_1_247' title='bbox 402 2430 576 2470; x_wconf 73' lang='lat' dir='ltr'>tempore</span> <span class='ocrx_word' id='word_1_248' title='bbox 594 2444 604 2462; x_wconf 82' lang='lat'>,</span> <span class='ocrx_word' id='word_1_249' title='bbox 632 2425 695 2459; x_wconf 79' lang='lat'>23.</span> <span class='ocrx_word' id='word_1_250' title='bbox 716 2407 780 2448; x_wconf 83' lang='lat' dir='ltr'>vel</span> <span class='ocrx_word' id='word_1_251' title='bbox 834 2401 1041 2442; x_wconf 82' lang='lat' dir='ltr'>Gallorum</span> <span class='ocrx_word' id='word_1_252' title='bbox 1082 2391 1206 2430; x_wconf 60' lang='lat' dir='ltr'>vietor</span> <span class='ocrx_word' id='word_1_253' title='bbox 1231 2413 1242 2432; x_wconf 90' lang='lat'>,</span> <span class='ocrx_word' id='word_1_254' title='bbox 1278 2379 1441 2434; x_wconf 86' lang='lat' dir='ltr'>proprio</span> 
     </span>
     <span class='ocr_line' id='line_1_33' title="bbox 176 2439 1444 2525; baseline -0.045 -2"><span class='ocrx_word' id='word_1_255' title='bbox 176 2485 297 2524; x_wconf 81' lang='lat' dir='ltr'>etiam</span> <span class='ocrx_word' id='word_1_256' title='bbox 337 2489 401 2523; x_wconf 89' lang='lat'>25.</span> <span class='ocrx_word' id='word_1_257' title='bbox 442 2474 611 2525; x_wconf 76' lang='lat' dir='ltr'>legiones</span> <span class='ocrx_word' id='word_1_258' title='bbox 639 2494 651 2513; x_wconf 92' lang='lat'>,</span> <span class='ocrx_word' id='word_1_259' title='bbox 693 2460 782 2502; x_wconf 88' lang='lat' dir='ltr'>teste</span> <span class='ocrx_word' id='word_1_260' title='bbox 838 2459 879 2495; x_wconf 84' lang='lat'>&amp;</span> <span class='ocrx_word' id='word_1_261' title='bbox 901 2448 1086 2506; x_wconf 83' lang='lat' dir='ltr'>peculiari</span> <span class='ocrx_word' id='word_1_262' title='bbox 1114 2439 1444 2494; x_wconf 82' lang='lat' dir='ltr'>cognominevo-</span> 
     </span>
     <span class='ocr_line' id='line_1_34' title="bbox 179 2488 1445 2579; baseline -0.046 -2"><span class='ocrx_word' id='word_1_263' title='bbox 179 2539 306 2577; x_wconf 79' lang='lat' dir='ltr'>Dione</span> <span class='ocrx_word' id='word_1_264' title='bbox 326 2561 337 2579; x_wconf 89' lang='lat'>,</span> <span class='ocrx_word' id='word_1_265' title='bbox 367 2531 394 2568; x_wconf 92' lang='grc'>1.</span> <span class='ocrx_word' id='word_1_266' title='bbox 422 2533 499 2567; x_wconf 87' lang='lat' dir='ltr'>LV.</span> <span class='ocrx_word' id='word_1_267' title='bbox 527 2536 591 2576; x_wconf 79' lang='lat' dir='ltr'>per</span> <span class='ocrx_word' id='word_1_268' title='bbox 621 2518 784 2573; x_wconf 83' lang='lat' dir='ltr'>provin·</span> <span class='ocrx_word' id='word_1_269' title='bbox 839 2508 1001 2549; x_wconf 81' lang='lat' dir='ltr'>cabatur</span> <span class='ocrx_word' id='word_1_270' title='bbox 1026 2494 1206 2538; x_wconf 78' lang='lat' dir='ltr'>Camillus</span> <span class='ocrx_word' id='word_1_271' title='bbox 1223 2522 1232 2537; x_wconf 75' lang='grc'>,</span> <span class='ocrx_word' id='word_1_272' title='bbox 1251 2488 1353 2526; x_wconf 84' lang='lat' dir='ltr'>Furii</span> <span class='ocrx_word' id='word_1_273' title='bbox 1370 2497 1445 2522; x_wconf 90' lang='lat' dir='ltr'>no-</span> 
     </span>
     <span class='ocr_line' id='line_1_35' title="bbox 180 2538 1449 2638; baseline -0.043 -8"><span class='ocrx_word' id='word_1_274' title='bbox 180 2592 259 2630; x_wconf 80' lang='lat' dir='ltr'>cias</span> <span class='ocrx_word' id='word_1_275' title='bbox 294 2584 428 2638; x_wconf 78' lang='lat' dir='ltr'>sparsae</span> <span class='ocrx_word' id='word_1_276' title='bbox 461 2588 582 2619; x_wconf 76' lang='lat' dir='ltr'>erant.</span> <span class='ocrx_word' id='word_1_277' title='bbox 621 2577 674 2612; x_wconf 78' lang='lat' dir='ltr'>At</span> <span class='ocrx_word' id='word_1_278' title='bbox 704 2567 789 2608; x_wconf 85' lang='lat' dir='ltr'>vult</span> <span class='ocrx_word' id='word_1_279' title='bbox 843 2573 933 2602; x_wconf 82' lang='lat' dir='ltr'>men</span> <span class='ocrx_word' id='word_1_280' title='bbox 948 2568 1037 2597; x_wconf 87' lang='lat' dir='ltr'>cum</span> <span class='ocrx_word' id='word_1_281' title='bbox 1057 2550 1190 2592; x_wconf 70' lang='lat' dir='ltr'>multis</span> <span class='ocrx_word' id='word_1_282' title='bbox 1206 2538 1449 2589; x_wconf 76' lang='lat' dir='ltr'>aliishabuit</span> 
     </span>
    </p>
   </div>
   <div class='ocr_carea' id='block_1_7' title="bbox 184 2620 1068 2688">
    <p class='ocr_par' dir='ltr' id='par_1_13' title="bbox 184 2620 1068 2688">
     <span class='ocr_line' id='line_1_36' title="bbox 184 2620 1068 2688; baseline -0.042 -5"><span class='ocrx_word' id='word_1_283' title='bbox 184 2644 310 2685; x_wconf 70' lang='lat' dir='ltr'>Livius</span> <span class='ocrx_word' id='word_1_284' title='bbox 326 2668 340 2688; x_wconf 87' lang='lat'><em>,</em></span> <span class='ocrx_word' id='word_1_285' title='bbox 369 2636 394 2676; x_wconf 84' lang='lat' dir='ltr'>fi</span> <span class='ocrx_word' id='word_1_286' title='bbox 424 2646 530 2675; x_wconf 67' lang='lat' dir='ltr'>novo</span> <span class='ocrx_word' id='word_1_287' title='bbox 557 2627 725 2669; x_wconf 80' lang='lat' dir='ltr'>exercitu</span> <span class='ocrx_word' id='word_1_288' title='bbox 753 2623 795 2660; x_wconf 80' lang='lat' dir='ltr'>iu</span> <span class='ocrx_word' id='word_1_289' title='bbox 846 2620 1068 2657; x_wconf 79' lang='lat' dir='ltr'>commune.</span> 
     </span>
    </p>
   </div>
   <div class='ocr_carea' id='block_1_8' title="bbox 4 2677 56 2693">
    <p class='ocr_par' dir='ltr' id='par_1_14' title="bbox 4 2677 56 2693">
     <span class='ocr_line' id='line_1_37' title="bbox 4 2677 56 2693; baseline -0.019 -4"><span class='ocrx_word' id='word_1_290' title='bbox 4 2677 56 2693; x_wconf 39' lang='grc'>4,,</span> 
     </span>
    </p>
   </div>
  </div>
 </body>
</html>
