1680 3110
258 82 334 125 12
635 69 1170 138 T.L1v11

39 160 226 205 U.c.369.
252 146 424 198 bellum
461 165 597 218 atque
634 154 847 204 Antiates
873 158 1098 219 attineat,
1125 159 1236 227 plus
1268 159 1341 212 ibi
1373 162 1528 213 mina-³

39 209 231 254 ³·C·333·
251 233 385 276 rum,
420 223 558 284 quam
583 219 788 286 periculi
819 222 913 288 effe.
934 225 986 286 se
1019 239 1200 284 tamen,
1235 244 1287 279 ut
1302 227 1423 278 nihil
1457 231 1530 279 ti·

251 285 436 343 mendi,
451 282 519 350 fic
556 285 676 335 nihil
701 291 1011 339 contemnendi
1037 294 1263 344 austorem
1296 294 1389 362 effe.
1423 297 1531 344 Cir.-

252 353 501 414 cumsederi
543 355 699 403 urbem
737 361 982 406 Romanam
1024 361 1083 407 ad
1119 361 1305 410 invidia
1336 362 1395 414 (9¹
1430 363 1535 413 odia

243 417 585 484 finitimorum:
618 423 778 487 itaque
801 422 859 475 θ
883 425 1072 473 ducibus
1088 424 1300 492 pluribus
1321 428 1380 481 ἐφ’
1401 446 1533 477 exer-

255 486 429 534 citibus
446 488 848 550 administrandam
863 490 1190 557 rempublicam
1207 494 1298 560 effe.
1330 498 1392 543 Te
1407 529 1426 554 ,
1457 493 1535 544 in·-

256 552 397 620 quit,
432 560 482 602 P.
518 553 713 611 Valeri,
734 557 912 619 socium
944 559 1131 624 imperii
1168 559 1430 626 consiliique
1458 559 1534 611 le·-

249 622 427 686 giones.
450 638 623 669 mecum
657 619 880 672 adversus
917 626 1153 673 Antiatem
1185 627 1342 689 hcstem
1372 630 1536 677 ducere

251 685 408 755 placet
428 707 441 736 t
475 704 520 736 te
537 723 552 743 ,
586 692 649 753 Q.
681 689 895 747 Servili„
918 690 1071 739 altero⁴
1093 695 1291 742 exercitu
1319 695 1538 757 instruffo»

251 767 506 822 paratoque
525 756 574 802 in
597 758 706 804 urbe
740 757 887 819 castra
919 760 1106 815 habere,
1145 761 1400 818 intentum,
1425 760 1537 827 five

254 824 451 870 Etruria
472 823 526 885 se
559 822 777 879 interim,
811 839 864 872 ut
898 838 1067 891 nuper,
1088 825 1193 891 five
1224 834 1250 868 4
1288 845 1407 876 nova
1440 831 1549 890 haecss

259 906 400 944 cura,
430 890 588 938 Latini
607 905 743 956 atque
761 891 979 946 Hernici,
1013 894 1256 942 moverint.
1294 900 1381 942 Pro
1410 910 1534 943 certo

258 957 396 1004 habeo
418 957 486 1004 ita
508 973 602 1005 rem
619 957 850 1022 gesturum
867 993 883 1017 ‚
902 973 952 1006 ut
963 971 1129 1024 patre,
1146 979 1234 1008 avo
1254 997 1269 1020 ,
1291 975 1422 1026 teque
1440 962 1540 1028 ipsit

259 1042 315 1072 ac
321 1024 403 1087 sex
417 1024 730 1072 tribunatibus
748 1025 936 1090 dignum
954 1026 1026 1086 est.
1042 1027 1224 1075 Tertius
1243 1029 1464 1076 exercitus
1482 1045 1539 1077 ete

263 1097 287 1132 5
315 1091 538 1153 causariis
559 1092 900 1156 senioribusque
921 1092 947 1139 ἁ
970 1098 1020 1140 L.
1048 1094 1245 1158 Quintio
1268 1095 1537 1158 scribatur,

259 1158 567 1223 moenibusque
580 1157 870 1225 praefidio.fi't.
892 1165 949 1206 L.⁴
962 1161 1212 1216 Horatius,
1231 1178 1359 1209 arma
1372 1196 1387 1217 ,
1411 1160 1506 1210 tela
1513 1181 1532 1218 ,’

250 1226 563 1290 frumentum,²
603 1223 625 1257 ⁶
649 1242 836 1291 quaeque
857 1223 974 1273 belli
991 1223 1088 1274 alia
1110 1240 1309 1292 tempora
1323 1229 1535 1294 poscent,

254 1293 517 1358 provideat.
547 1296 640 1347 Te,
668 1293 800 1340 Servi
820 1289 1030 1349 Corneli,
1053 1292 1279 1358 praestdem
1299 1297 1431 1353 hujus
1446 1308 1542 1361 pu-

256 1356 378 1405 blici
405 1356 608 1425 confilii,
638 1359 855 1421 custodem
881 1357 1187 1424 religionum,
1219 1363 1541 1418 comitiorum,

259 1423 414 1491 legum
430 1462 445 1481 ,
481 1443 631 1474 rerum
656 1427 854 1474 omnium
873 1427 1177 1483 urbanarum,
1207 1426 1390 1494 collegae
1403 1430 1540 1493 faci-

258 1510 379 1543 mus.
421 1490 630 1542 Cunstis
668 1490 719 1540 in
763 1505 922 1560 partes
962 1492 1175 1542 muneris
1213 1493 1284 1543 sui
1325 1492 1541 1560 benign&

297 1557 612 1609 ollicentibus
633 1574 831 1627 operam
851 1596 867 1620 ,
913 1557 1136 1609 Valerius
1160 1559 1319 1610 socius
1340 1560 1543 1631 imperii

256 1577 419 1679 ἷεέὶυε
437 1625 613 1691 adjecit
625 1663 647 1687 ,,
671 1634 739 1675 Μ.
776 1626 1063 1691 Furium-sibi
1074 1640 1158 1693 pro
1175 1629 1396 1677 distatore
1410 1663 1427 1684 ,
1455 1629 1541 1691 se-

260 1713 350 1762 que
381 1696 425 1742 ei
448 1708 532 1761 pro
569 1693 832 1759 magistram
862 1694 1066 1758 equitum
1083 1695 1314 1758 futurum.
1347 1696 1542 1745 Proinde
1608 1734 1614 1737 -

260 1780 400 1829 quam
436 1760 688 1828 opinionem
717 1761 770 1809 de
797 1761 930 1807 unico
964 1760 1262 1826 imperatore,
1293 1779 1390 1810 eam
1410 1762 1543 1828 spem

261 1831 316 1877 de
345 1826 464 1877 bello
492 1830 719 1876 haberent.
746 1833 796 1875 Se
827 1825 935 1874 vero
955 1827 1062 1874 bene
1077 1828 1264 1892 sperare
1285 1828 1453 1878 Patres
1478 1827 1540 1881 <¹5²

263 1896 316 1944 de
334 1893 475 1951 bello,
508 1894 566 1947 θ’
591 1896 642 1942 de
656 1907 789 1960 pace,
823 1894 1129 1959 universaque
1148 1893 1384 1962 republica
1401 1931 1416 1954 ,
1434 1910 1542 1957 ert:->

263 1961 328 2012 &i
357 1960 538 2030 gaudio
565 1958 783 2010 fremunt
803 1979 817 2004 :
845 1978 924 2008 nec
955 1960 1175 2009 distatore
1201 1979 1402 2027 unquam
1429 1975 1539 2028 opus.

250 2031 356 2095 fore
390 2026 655 2096 reipublicae
674 2063 690 2083 ,
699 2028 746 2092 st
780 2025 895 2075 tales
927 2027 1055 2074 viros
1082 2029 1132 2074 in
1159 2029 1428 2094 magistratu
1459 2031 1541 2078 ha-

262 2088 395 2153 beat,
430 2111 525 2144 tam
548 2095 840 2142 concordibus
859 2093 1035 2151 junctos
1054 2095 1247 2148 animis,
1281 2109 1444 2161 parere
1460 2109 1542 2144 at—

264 2180 353 2230 que
382 2165 606 2230 imperare
616 2163 752 2220 juxta
776 2175 992 2227 paratos,
1027 2156 1294 2229 laudemque
1315 2164 1543 2229 conferen-

315 2325 345 2361 4
363 2313 477 2351 Nova
504 2307 579 2347 bac
601 2321 685 2346 cura
703 2314 721 2358 ]
741 2308 793 2347 Hi
807 2309 877 2361 qui
903 2338 908 2342 .
969 2314 992 2344 6
1009 2306 1180 2363 Qaeque
1191 2306 1281 2347 belli
1295 2307 1405 2358 alia]
1421 2312 1535 2357 Quae·

264 2376 414 2405 novam
435 2364 549 2403 nobis
568 2361 875 2403 sollicitudinem
934 2374 1008 2413 que
1029 2362 1107 2398 alia
1129 2361 1428 2403 belltneceffitas
1450 2362 1544 2415 pos-

260 2431 405 2460 tteant.
933 2427 1006 2453 cet.
1038 2412 1122 2452 Nifi
1139 2414 1241 2454 forte
1263 2418 1327 2454 hic
1352 2415 1459 2454 locus
1474 2418 1545 2454 vi-

317 2484 333 2518 5
370 2470 591 2522 Causariis]
615 2467 796 2516 Quibus,
817 2467 874 2508 oh
930 2468 1086 2509 debitur
1122 2468 1276 2523 aliquid
1310 2469 1438 2511 celate
1474 2471 1545 2512 uis

261 2524 507 2568 imbecillam
523 2522 870 2569 valetudinem,va·
930 2525 995 2564 εὖ,

259 2582 365 2620 catio
386 2577 539 2618 militiae
566 2573 638 2616 effe
668 2571 875 2617 debuxss‘et..
