<?xml version="1.0" encoding="UTF-8"?>
<!DOCTYPE html PUBLIC "-//W3C//DTD XHTML 1.0 Transitional//EN"
    "http://www.w3.org/TR/xhtml1/DTD/xhtml1-transitional.dtd">
<html xmlns="http://www.w3.org/1999/xhtml" xml:lang="en" lang="en">
 <head>
  <title>
</title>
<meta http-equiv="Content-Type" content="text/html;charset=utf-8" />
  <meta name='ocr-system' content='tesseract 3.04.00' />
  <meta name='ocr-capabilities' content='ocr_page ocr_carea ocr_par ocr_line ocrx_word'/>
</head>
<body>
  <div class='ocr_page' id='page_1' title='image "./tliviipatavinihi0102livy/tliviipatavinihi0102livy_0537.png"; bbox 0 0 1669 3052; ppageno 0'>
   <div class='ocr_carea' id='block_1_1' title="bbox 73 199 1396 2711">
    <p class='ocr_par' dir='ltr' id='par_1_1' title="bbox 121 199 1356 452">
     <span class='ocr_line' id='line_1_1' title="bbox 255 199 1347 282; baseline -0.004 -12"><span class='ocrx_word' id='word_1_1' title='bbox 255 199 1121 270; x_wconf 81' lang='lat' dir='ltr'>SENTENTIARUM.</span> <span class='ocrx_word' id='word_1_2' title='bbox 1218 220 1347 282; x_wconf 85' lang='lat'>529</span> 
     </span>
     <span class='ocr_line' id='line_1_2' title="bbox 125 286 1356 345; baseline -0.005 -12"><span class='ocrx_word' id='word_1_3' title='bbox 125 294 167 335; x_wconf 69' lang='grc' dir='ltr'>ὃ(</span> <span class='ocrx_word' id='word_1_4' title='bbox 187 291 339 344; x_wconf 83' lang='lat' dir='ltr'>semper</span> <span class='ocrx_word' id='word_1_5' title='bbox 359 292 451 345; x_wconf 82' lang='lat' dir='ltr'>aegti</span> <span class='ocrx_word' id='word_1_6' title='bbox 472 289 626 343; x_wconf 82' lang='lat' dir='ltr'>aliquid</span> <span class='ocrx_word' id='word_1_7' title='bbox 650 286 724 328; x_wconf 87' lang='lat' dir='ltr'>esse</span> <span class='ocrx_word' id='word_1_8' title='bbox 746 290 789 328; x_wconf 90' lang='lat' dir='ltr'>in</span> <span class='ocrx_word' id='word_1_9' title='bbox 810 287 1012 342; x_wconf 89' lang='lat' dir='ltr'>republica</span> <span class='ocrx_word' id='word_1_10' title='bbox 1034 287 1202 336; x_wconf 86' lang='lat' dir='ltr'>volunt,</span> <span class='ocrx_word' id='word_1_11' title='bbox 1217 287 1268 328; x_wconf 90' lang='lat' dir='ltr'>ad</span> <span class='ocrx_word' id='word_1_12' title='bbox 1289 300 1356 328; x_wconf 89' lang='lat' dir='ltr'>cu·</span> 
     </span>
     <span class='ocr_line' id='line_1_3' title="bbox 121 344 908 401; baseline -0.006 -14"><span class='ocrx_word' id='word_1_13' title='bbox 121 350 186 401; x_wconf 70' lang='lat' dir='ltr'>ius</span> <span class='ocrx_word' id='word_1_14' title='bbox 209 347 459 386; x_wconf 82' lang='lat' dir='ltr'>curationem</span> <span class='ocrx_word' id='word_1_15' title='bbox 481 344 760 384; x_wconf 84' lang='lat' dir='ltr'><strong>adhibeantur.</strong></span> <span class='ocrx_word' id='word_1_16' title='bbox 794 347 842 382; x_wconf 91' lang='lat' dir='ltr'>V.</span> <span class='ocrx_word' id='word_1_17' title='bbox 872 358 908 393; x_wconf 83' lang='lat'>3.</span> 
     </span>
     <span class='ocr_line' id='line_1_4' title="bbox 589 395 842 452; baseline 0 -17"><span class='ocrx_word' id='word_1_18' title='bbox 589 395 842 452; x_wconf 81' lang='lat' dir='ltr'>Popularitas.</span> 
     </span>
    </p>

    <p class='ocr_par' dir='ltr' id='par_1_2' title="bbox 73 449 1356 504">
     <span class='ocr_line' id='line_1_5' title="bbox 73 449 1356 504; baseline -0.001 -10"><span class='ocrx_word' id='word_1_19' title='bbox 73 456 177 495; x_wconf 72' lang='lat' dir='ltr'>Sunt</span> <span class='ocrx_word' id='word_1_20' title='bbox 205 452 310 493; x_wconf 64' lang='lat' dir='ltr'>faeta</span> <span class='ocrx_word' id='word_1_21' title='bbox 338 451 520 504; x_wconf 79' lang='lat' dir='ltr'>quaedam</span> <span class='ocrx_word' id='word_1_22' title='bbox 558 450 769 504; x_wconf 79' lang='lat' dir='ltr'>popularia</span> <span class='ocrx_word' id='word_1_23' title='bbox 800 451 844 489; x_wconf 89' lang='lat' dir='ltr'>in</span> <span class='ocrx_word' id='word_1_24' title='bbox 878 449 1048 503; x_wconf 86' lang='lat' dir='ltr'>speciem</span> <span class='ocrx_word' id='word_1_25' title='bbox 1065 475 1078 497; x_wconf 88' lang='lat'>,</span> <span class='ocrx_word' id='word_1_26' title='bbox 1106 450 1356 494; x_wconf 64' lang='lat' dir='ltr'>tumultuosa</span> 
     </span>
    </p>

    <p class='ocr_par' dir='ltr' id='par_1_3' title="bbox 127 505 1064 598">
     <span class='ocr_line' id='line_1_6' title="bbox 127 505 1064 560; baseline -0.001 -14"><span class='ocrx_word' id='word_1_27' title='bbox 127 506 268 546; x_wconf 85' lang='lat' dir='ltr'>eadem</span> <span class='ocrx_word' id='word_1_28' title='bbox 292 506 372 560; x_wconf 60' lang='lat' dir='ltr'>qua</span> <span class='ocrx_word' id='word_1_29' title='bbox 392 517 526 545; x_wconf 84' lang='lat' dir='ltr'>mente</span> <span class='ocrx_word' id='word_1_30' title='bbox 553 505 651 544; x_wconf 85' lang='lat' dir='ltr'>fiant</span> <span class='ocrx_word' id='word_1_31' title='bbox 674 506 863 545; x_wconf 85' lang='lat' dir='ltr'>intuenti.</span> <span class='ocrx_word' id='word_1_32' title='bbox 897 507 970 545; x_wconf 89' lang='lat' dir='ltr'>VI.</span> <span class='ocrx_word' id='word_1_33' title='bbox 1000 519 1064 553; x_wconf 88' lang='lat'>14.</span> 
     </span>
     <span class='ocr_line' id='line_1_7' title="bbox 627 558 807 598; baseline 0.006 -1"><span class='ocrx_word' id='word_1_34' title='bbox 627 563 677 598; x_wconf 87' lang='lat' dir='ltr'>Po</span> <span class='ocrx_word' id='word_1_35' title='bbox 706 558 807 598; x_wconf 83' lang='lat' dir='ltr'>ulus.</span> 
     </span>
    </p>

    <p class='ocr_par' dir='ltr' id='par_1_4' title="bbox 74 569 1196 666">
     <span class='ocr_line' id='line_1_8' title="bbox 74 569 1196 666; baseline -0.002 -13"><span class='ocrx_word' id='word_1_36' title='bbox 74 617 212 656; x_wconf 89' lang='lat' dir='ltr'>Nemo</span> <span class='ocrx_word' id='word_1_37' title='bbox 237 619 481 666; x_wconf 86' lang='lat' dir='ltr'>magnopere</span> <span class='ocrx_word' id='word_1_38' title='bbox 509 613 659 652; x_wconf 88' lang='lat' dir='ltr'>eminet</span> <span class='ocrx_word' id='word_1_39' title='bbox 680 569 727 650; x_wconf 46' lang='lat' dir='ltr'>{yn</span> <span class='ocrx_word' id='word_1_40' title='bbox 750 625 859 651; x_wconf 89' lang='lat' dir='ltr'>novo</span> <span class='ocrx_word' id='word_1_41' title='bbox 883 611 1050 664; x_wconf 84' lang='lat' dir='ltr'>populo.</span> <span class='ocrx_word' id='word_1_42' title='bbox 1076 615 1107 653; x_wconf 85' lang='lat'>1.</span> <span class='ocrx_word' id='word_1_43' title='bbox 1134 626 1196 660; x_wconf 84' lang='lat'>17.</span> 
     </span>
    </p>

    <p class='ocr_par' dir='ltr' id='par_1_5' title="bbox 75 665 1360 768">
     <span class='ocr_line' id='line_1_9' title="bbox 75 665 1360 720; baseline -0.001 -13"><span class='ocrx_word' id='word_1_44' title='bbox 75 671 132 709; x_wconf 56' lang='lat' dir='ltr'>In«</span> <span class='ocrx_word' id='word_1_45' title='bbox 149 681 257 707; x_wconf 88' lang='lat' dir='ltr'>novo</span> <span class='ocrx_word' id='word_1_46' title='bbox 283 669 436 720; x_wconf 83' lang='lat' dir='ltr'>populo</span> <span class='ocrx_word' id='word_1_47' title='bbox 462 669 594 706; x_wconf 92' lang='lat' dir='ltr'>omnis</span> <span class='ocrx_word' id='word_1_48' title='bbox 615 667 820 719; x_wconf 87' lang='lat' dir='ltr'>repentina</span> <span class='ocrx_word' id='word_1_49' title='bbox 844 679 963 718; x_wconf 79' lang='lat' dir='ltr'>atque</span> <span class='ocrx_word' id='word_1_50' title='bbox 989 680 1036 705; x_wconf 84' lang='lat' dir='ltr'>ex</span> <span class='ocrx_word' id='word_1_51' title='bbox 1061 668 1206 708; x_wconf 86' lang='lat' dir='ltr'>virtute</span> <span class='ocrx_word' id='word_1_52' title='bbox 1232 665 1360 706; x_wconf 69' lang='lat' dir='ltr'>nobi«</span> 
     </span>
     <span class='ocr_line' id='line_1_10' title="bbox 123 720 455 768; baseline 0.003 -8"><span class='ocrx_word' id='word_1_53' title='bbox 123 722 214 760; x_wconf 84' lang='lat' dir='ltr'>litas</span> <span class='ocrx_word' id='word_1_54' title='bbox 232 720 300 762; x_wconf 88' lang='lat' dir='ltr'>est.</span> <span class='ocrx_word' id='word_1_55' title='bbox 334 725 364 761; x_wconf 92' lang='lat'>1.</span> <span class='ocrx_word' id='word_1_56' title='bbox 417 737 455 768; x_wconf 86' lang='lat'>4.</span> 
     </span>
    </p>

    <p class='ocr_par' dir='ltr' id='par_1_6' title="bbox 73 738 1358 877">
     <span class='ocr_line' id='line_1_11' title="bbox 73 738 1358 830; baseline -0.002 -15"><span class='ocrx_word' id='word_1_57' title='bbox 73 771 228 830; x_wconf 76' lang='lat' dir='ltr'>Injuffu</span> <span class='ocrx_word' id='word_1_58' title='bbox 253 738 523 828; x_wconf 68' lang='lat' dir='ltr'>populi³nihil</span> <span class='ocrx_word' id='word_1_59' title='bbox 552 775 697 814; x_wconf 83' lang='lat' dir='ltr'>sanciri</span> <span class='ocrx_word' id='word_1_60' title='bbox 723 774 850 830; x_wconf 80' lang='lat' dir='ltr'>potest</span> <span class='ocrx_word' id='word_1_61' title='bbox 876 801 890 823; x_wconf 88' lang='lat'>‚</span> <span class='ocrx_word' id='word_1_62' title='bbox 931 774 1041 829; x_wconf 87' lang='lat' dir='ltr'>quod</span> <span class='ocrx_word' id='word_1_63' title='bbox 1069 776 1268 830; x_wconf 84' lang='lat' dir='ltr'>populum</span> <span class='ocrx_word' id='word_1_64' title='bbox 1299 785 1358 814; x_wconf 63' lang='lat' dir='ltr'>tea</span> 
     </span>
     <span class='ocr_line' id='line_1_12' title="bbox 127 832 392 877; baseline 0.004 -7"><span class='ocrx_word' id='word_1_65' title='bbox 127 840 235 870; x_wconf 82' lang='lat' dir='ltr'>neat.</span> <span class='ocrx_word' id='word_1_66' title='bbox 257 832 327 870; x_wconf 78' lang='grc' dir='ltr'>ΙΧ.</span> <span class='ocrx_word' id='word_1_67' title='bbox 353 843 392 877; x_wconf 86' lang='grc'>9.</span> 
     </span>
    </p>

    <p class='ocr_par' dir='ltr' id='par_1_7' title="bbox 616 883 824 925">
     <span class='ocr_line' id='line_1_13' title="bbox 616 883 824 925; baseline 0.014 -3"><span class='ocrx_word' id='word_1_68' title='bbox 616 883 824 925; x_wconf 65' lang='lat' dir='ltr'>Praedator.</span> 
     </span>
    </p>

    <p class='ocr_par' dir='ltr' id='par_1_8' title="bbox 75 935 1359 1084">
     <span class='ocr_line' id='line_1_14' title="bbox 75 935 1356 991; baseline -0.001 -14"><span class='ocrx_word' id='word_1_69' title='bbox 75 936 138 977; x_wconf 63' lang='grc' dir='ltr'>1ὲέ</span> <span class='ocrx_word' id='word_1_70' title='bbox 165 935 288 976; x_wconf 71' lang='lat' dir='ltr'>ferme</span> <span class='ocrx_word' id='word_1_71' title='bbox 313 938 446 976; x_wconf 89' lang='lat' dir='ltr'>evenit</span> <span class='ocrx_word' id='word_1_72' title='bbox 462 964 474 984; x_wconf 89' lang='lat'>,</span> <span class='ocrx_word' id='word_1_73' title='bbox 492 947 536 977; x_wconf 87' lang='lat' dir='ltr'>ut</span> <span class='ocrx_word' id='word_1_74' title='bbox 559 939 714 990; x_wconf 83' lang='lat' dir='ltr'>segnior</span> <span class='ocrx_word' id='word_1_75' title='bbox 737 937 782 977; x_wconf 77' lang='lat' dir='ltr'>fit</span> <span class='ocrx_word' id='word_1_76' title='bbox 801 936 998 989; x_wconf 81' lang='lat' dir='ltr'>praedator</span> <span class='ocrx_word' id='word_1_77' title='bbox 1013 964 1023 983; x_wconf 92' lang='lat'>‚</span> <span class='ocrx_word' id='word_1_78' title='bbox 1050 949 1094 976; x_wconf 90' lang='lat' dir='ltr'>ut</span> <span class='ocrx_word' id='word_1_79' title='bbox 1112 935 1279 991; x_wconf 85' lang='lat' dir='ltr'>quisque</span> <span class='ocrx_word' id='word_1_80' title='bbox 1297 936 1356 976; x_wconf 71' lang='lat' dir='ltr'>la-</span> 
     </span>
     <span class='ocr_line' id='line_1_15' title="bbox 127 991 1359 1044; baseline 0.002 -14"><span class='ocrx_word' id='word_1_81' title='bbox 127 991 234 1030; x_wconf 89' lang='lat' dir='ltr'>boris</span> <span class='ocrx_word' id='word_1_82' title='bbox 258 991 503 1044; x_wconf 86' lang='lat' dir='ltr'>periculique</span> <span class='ocrx_word' id='word_1_83' title='bbox 529 995 775 1044; x_wconf 83' lang='lat' dir='ltr'>praecipuam</span> <span class='ocrx_word' id='word_1_84' title='bbox 809 1003 942 1043; x_wconf 84' lang='lat' dir='ltr'>petere</span> <span class='ocrx_word' id='word_1_85' title='bbox 971 1004 1124 1044; x_wconf 83' lang='lat' dir='ltr'>partem</span> <span class='ocrx_word' id='word_1_86' title='bbox 1158 991 1268 1031; x_wconf 86' lang='lat' dir='ltr'>solet.</span> <span class='ocrx_word' id='word_1_87' title='bbox 1302 995 1359 1033; x_wconf 86' lang='lat' dir='ltr'>V.</span> 
     </span>
     <span class='ocr_line' id='line_1_16' title="bbox 130 1057 207 1084; baseline 0.039 -3"><span class='ocrx_word' id='word_1_88' title='bbox 130 1057 207 1084; x_wconf 60' lang='grc' dir='ltr'>ιο.Δ</span> 
     </span>
    </p>

    <p class='ocr_par' dir='ltr' id='par_1_9' title="bbox 74 1097 1358 1260">
     <span class='ocr_line' id='line_1_17' title="bbox 74 1097 1357 1152; baseline 0.001 -16"><span class='ocrx_word' id='word_1_89' title='bbox 74 1100 233 1137; x_wconf 73' lang='lat' dir='ltr'>Gratius</span> <span class='ocrx_word' id='word_1_90' title='bbox 250 1099 291 1137; x_wconf 91' lang='lat' dir='ltr'>id</span> <span class='ocrx_word' id='word_1_91' title='bbox 313 1099 366 1138; x_wconf 87' lang='lat' dir='ltr'>est</span> <span class='ocrx_word' id='word_1_92' title='bbox 388 1099 593 1152; x_wconf 85' lang='lat' dir='ltr'>laetiusque</span> <span class='ocrx_word' id='word_1_93' title='bbox 613 1129 625 1149; x_wconf 89' lang='lat'>‚</span> <span class='ocrx_word' id='word_1_94' title='bbox 647 1098 757 1151; x_wconf 88' lang='lat' dir='ltr'>quod</span> <span class='ocrx_word' id='word_1_95' title='bbox 779 1097 944 1151; x_wconf 89' lang='lat' dir='ltr'>quisque</span> <span class='ocrx_word' id='word_1_96' title='bbox 965 1098 1033 1137; x_wconf 62' lang='lat' dir='ltr'>sua</span> <span class='ocrx_word' id='word_1_97' title='bbox 1054 1110 1177 1136; x_wconf 79' lang='lat' dir='ltr'>manu</span> <span class='ocrx_word' id='word_1_98' title='bbox 1196 1109 1357 1148; x_wconf 84' lang='lat' dir='ltr'>captum</span> 
     </span>
     <span class='ocr_line' id='line_1_18' title="bbox 124 1150 1358 1207; baseline 0.001 -17"><span class='ocrx_word' id='word_1_99' title='bbox 124 1164 173 1191; x_wconf 87' lang='lat' dir='ltr'>ex</span> <span class='ocrx_word' id='word_1_100' title='bbox 202 1152 310 1192; x_wconf 89' lang='lat' dir='ltr'>hoste</span> <span class='ocrx_word' id='word_1_101' title='bbox 342 1153 508 1193; x_wconf 75' lang='lat' dir='ltr'>densum</span> <span class='ocrx_word' id='word_1_102' title='bbox 543 1152 674 1192; x_wconf 83' lang='lat' dir='ltr'>retu-lit</span> <span class='ocrx_word' id='word_1_103' title='bbox 700 1183 714 1204; x_wconf 86' lang='lat'>‚</span> <span class='ocrx_word' id='word_1_104' title='bbox 745 1152 869 1205; x_wconf 48' lang='lat' dir='ltr'>quem</span> <span class='ocrx_word' id='word_1_105' title='bbox 894 1150 923 1189; x_wconf 84' lang='lat' dir='ltr'>fi</span> <span class='ocrx_word' id='word_1_106' title='bbox 955 1152 1167 1207; x_wconf 79' lang='lat' dir='ltr'>multiplex</span> <span class='ocrx_word' id='word_1_107' title='bbox 1197 1151 1358 1191; x_wconf 80' lang='lat' dir='ltr'>alterius</span> 
     </span>
     <span class='ocr_line' id='line_1_19' title="bbox 128 1206 622 1260; baseline 0.004 -16"><span class='ocrx_word' id='word_1_108' title='bbox 128 1206 296 1245; x_wconf 86' lang='lat' dir='ltr'>arbitrio</span> <span class='ocrx_word' id='word_1_109' title='bbox 316 1208 498 1260; x_wconf 89' lang='lat' dir='ltr'>accipiat.</span> <span class='ocrx_word' id='word_1_110' title='bbox 526 1208 622 1246; x_wconf 79' lang='lat' dir='ltr'>ibid.</span> 
     </span>
    </p>

    <p class='ocr_par' dir='ltr' id='par_1_10' title="bbox 76 1258 1372 1420">
     <span class='ocr_line' id='line_1_20' title="bbox 76 1258 1365 1313; baseline -0.002 -14"><span class='ocrx_word' id='word_1_111' title='bbox 76 1260 187 1299; x_wconf 79' lang='lat' dir='ltr'>Inter</span> <span class='ocrx_word' id='word_1_112' title='bbox 202 1261 464 1313; x_wconf 85' lang='lat' dir='ltr'>praedandurn</span> <span class='ocrx_word' id='word_1_113' title='bbox 488 1261 603 1299; x_wconf 86' lang='lat' dir='ltr'>omni</span> <span class='ocrx_word' id='word_1_114' title='bbox 625 1259 876 1300; x_wconf 86' lang='lat' dir='ltr'>multitudini</span> <span class='ocrx_word' id='word_1_115' title='bbox 895 1259 1026 1298; x_wconf 85' lang='lat' dir='ltr'>evenit</span> <span class='ocrx_word' id='word_1_116' title='bbox 1042 1286 1055 1307; x_wconf 91' lang='lat'>,</span> <span class='ocrx_word' id='word_1_117' title='bbox 1072 1271 1113 1298; x_wconf 85' lang='lat' dir='ltr'>ut</span> <span class='ocrx_word' id='word_1_118' title='bbox 1132 1258 1331 1312; x_wconf 83' lang='lat' dir='ltr'>diffipatos</span> <span class='ocrx_word' id='word_1_119' title='bbox 1348 1287 1365 1309; x_wconf 68' lang='lat'>9</span> 
     </span>
     <span class='ocr_line' id='line_1_21' title="bbox 130 1313 1372 1368; baseline 0 -16"><span class='ocrx_word' id='word_1_120' title='bbox 130 1326 242 1354; x_wconf 77' lang='lat' dir='ltr'>raros</span> <span class='ocrx_word' id='word_1_121' title='bbox 271 1316 380 1368; x_wconf 89' lang='lat' dir='ltr'>equis</span> <span class='ocrx_word' id='word_1_122' title='bbox 406 1314 615 1355; x_wconf 81' lang='lat' dir='ltr'>infidentes</span> <span class='ocrx_word' id='word_1_123' title='bbox 633 1341 646 1362; x_wconf 85' lang='lat'>‚</span> <span class='ocrx_word' id='word_1_124' title='bbox 674 1327 784 1353; x_wconf 85' lang='lat' dir='ltr'>raros</span> <span class='ocrx_word' id='word_1_125' title='bbox 810 1314 953 1367; x_wconf 88' lang='lat' dir='ltr'>quibus</span> <span class='ocrx_word' id='word_1_126' title='bbox 979 1313 1133 1353; x_wconf 78' lang='lat' dir='ltr'>fetrum</span> <span class='ocrx_word' id='word_1_127' title='bbox 1162 1313 1205 1352; x_wconf 92' lang='lat' dir='ltr'>in</span> <span class='ocrx_word' id='word_1_128' title='bbox 1237 1324 1372 1352; x_wconf 66' lang='lat' dir='ltr'>manu³</span> 
     </span>
     <span class='ocr_line' id='line_1_22' title="bbox 131 1366 649 1420; baseline 0.004 -14"><span class='ocrx_word' id='word_1_129' title='bbox 131 1366 178 1407; x_wconf 80' lang='lat' dir='ltr'>fit</span> <span class='ocrx_word' id='word_1_130' title='bbox 194 1395 209 1416; x_wconf 92' lang='lat'>‚</span> <span class='ocrx_word' id='word_1_131' title='bbox 227 1369 422 1410; x_wconf 82' lang='lat' dir='ltr'>invenias.</span> <span class='ocrx_word' id='word_1_132' title='bbox 454 1372 561 1409; x_wconf 88' lang='lat' dir='ltr'>V111.</span> <span class='ocrx_word' id='word_1_133' title='bbox 585 1371 649 1420; x_wconf 84' lang='lat'>38.</span> 
     </span>
    </p>

    <p class='ocr_par' dir='ltr' id='par_1_11' title="bbox 634 1421 808 1462">
     <span class='ocr_line' id='line_1_23' title="bbox 634 1421 808 1462; baseline 0.011 -2"><span class='ocrx_word' id='word_1_134' title='bbox 634 1421 808 1462; x_wconf 83' lang='lat' dir='ltr'>Praemia.</span> 
     </span>
    </p>

    <p class='ocr_par' dir='ltr' id='par_1_12' title="bbox 76 1474 1372 1636">
     <span class='ocr_line' id='line_1_24' title="bbox 76 1474 1372 1530; baseline 0.001 -16"><span class='ocrx_word' id='word_1_135' title='bbox 76 1476 205 1528; x_wconf 64' lang='lat' dir='ltr'>Cujus</span> <span class='ocrx_word' id='word_1_136' title='bbox 234 1476 288 1515; x_wconf 90' lang='lat' dir='ltr'>rei</span> <span class='ocrx_word' id='word_1_137' title='bbox 314 1475 525 1530; x_wconf 85' lang='lat' dir='ltr'>praemium</span> <span class='ocrx_word' id='word_1_138' title='bbox 552 1474 605 1514; x_wconf 90' lang='lat' dir='ltr'>est</span> <span class='ocrx_word' id='word_1_139' title='bbox 634 1477 678 1514; x_wconf 91' lang='lat' dir='ltr'>in</span> <span class='ocrx_word' id='word_1_140' title='bbox 705 1478 891 1521; x_wconf 85' lang='lat' dir='ltr'>civitate,</span> <span class='ocrx_word' id='word_1_141' title='bbox 922 1487 968 1514; x_wconf 80' lang='lat' dir='ltr'>ea</span> <span class='ocrx_word' id='word_1_142' title='bbox 993 1474 1180 1514; x_wconf 85' lang='lat' dir='ltr'>max-imis</span> <span class='ocrx_word' id='word_1_143' title='bbox 1212 1474 1372 1527; x_wconf 68' lang='lat' dir='ltr'>sempeti</span> 
     </span>
     <span class='ocr_line' id='line_1_25' title="bbox 129 1527 1325 1582; baseline 0.002 -15"><span class='ocrx_word' id='word_1_144' title='bbox 129 1530 309 1569; x_wconf 56' lang='lat' dir='ltr'>auctibus</span> <span class='ocrx_word' id='word_1_145' title='bbox 327 1531 477 1570; x_wconf 87' lang='lat' dir='ltr'>crescit.</span> <span class='ocrx_word' id='word_1_146' title='bbox 505 1530 565 1569; x_wconf 86' lang='lat' dir='ltr'>Sic</span> <span class='ocrx_word' id='word_1_147' title='bbox 585 1542 679 1582; x_wconf 87' lang='lat' dir='ltr'>pace</span> <span class='ocrx_word' id='word_1_148' title='bbox 699 1529 794 1568; x_wconf 89' lang='lat' dir='ltr'>boni</span> <span class='ocrx_word' id='word_1_149' title='bbox 818 1560 830 1579; x_wconf 89' lang='lat'>,</span> <span class='ocrx_word' id='word_1_150' title='bbox 857 1527 907 1567; x_wconf 86' lang='lat' dir='ltr'>fic</span> <span class='ocrx_word' id='word_1_151' title='bbox 925 1528 1031 1567; x_wconf 87' lang='lat' dir='ltr'>bello</span> <span class='ocrx_word' id='word_1_152' title='bbox 1049 1527 1163 1568; x_wconf 85' lang='lat' dir='ltr'>fiunt.</span> <span class='ocrx_word' id='word_1_153' title='bbox 1193 1531 1260 1568; x_wconf 81' lang='lat' dir='ltr'>IV.</span> <span class='ocrx_word' id='word_1_154' title='bbox 1285 1541 1325 1569; x_wconf 82' lang='lat'>2.</span> 
     </span>
     <span class='ocr_line' id='line_1_26' title="bbox 78 1581 1369 1636; baseline -0.002 -12"><span class='ocrx_word' id='word_1_155' title='bbox 78 1581 137 1624; x_wconf 69' lang='grc' dir='ltr'>Ξὸ</span> <span class='ocrx_word' id='word_1_156' title='bbox 161 1584 409 1636; x_wconf 88' lang='lat' dir='ltr'>impenditur</span> <span class='ocrx_word' id='word_1_157' title='bbox 434 1584 547 1623; x_wconf 77' lang='lat' dir='ltr'>labor</span> <span class='ocrx_word' id='word_1_158' title='bbox 573 1596 619 1622; x_wconf 88' lang='lat' dir='ltr'>ac</span> <span class='ocrx_word' id='word_1_159' title='bbox 643 1583 890 1636; x_wconf 89' lang='lat' dir='ltr'>periculum,</span> <span class='ocrx_word' id='word_1_160' title='bbox 918 1582 1023 1621; x_wconf 88' lang='lat' dir='ltr'>unde</span> <span class='ocrx_word' id='word_1_161' title='bbox 1047 1582 1369 1622; x_wconf 83' lang='lat' dir='ltr'>emolumentum</span> 
     </span>
    </p>

    <p class='ocr_par' dir='ltr' id='par_1_13' title="bbox 81 1634 1369 2000">
     <span class='ocr_line' id='line_1_27' title="bbox 134 1634 1369 1689; baseline -0.001 -14"><span class='ocrx_word' id='word_1_162' title='bbox 134 1648 254 1689; x_wconf 82' lang='lat' dir='ltr'>atque</span> <span class='ocrx_word' id='word_1_163' title='bbox 282 1639 414 1676; x_wconf 87' lang='lat' dir='ltr'>honos</span> <span class='ocrx_word' id='word_1_164' title='bbox 444 1638 629 1689; x_wconf 84' lang='lat' dir='ltr'>speretur.</span> <span class='ocrx_word' id='word_1_165' title='bbox 671 1637 785 1675; x_wconf 89' lang='lat' dir='ltr'>Nihil</span> <span class='ocrx_word' id='word_1_166' title='bbox 811 1649 895 1676; x_wconf 87' lang='lat' dir='ltr'>non</span> <span class='ocrx_word' id='word_1_167' title='bbox 925 1634 1140 1687; x_wconf 74' lang='lat' dir='ltr'>aggressuri</span> <span class='ocrx_word' id='word_1_168' title='bbox 1171 1636 1260 1675; x_wconf 91' lang='lat' dir='ltr'>sunt</span> <span class='ocrx_word' id='word_1_169' title='bbox 1290 1636 1369 1674; x_wconf 88' lang='lat' dir='ltr'>ho·</span> 
     </span>
     <span class='ocr_line' id='line_1_28' title="bbox 136 1689 1369 1743; baseline 0 -13"><span class='ocrx_word' id='word_1_170' title='bbox 136 1693 266 1730; x_wconf 88' lang='lat' dir='ltr'>mines</span> <span class='ocrx_word' id='word_1_171' title='bbox 284 1723 295 1742; x_wconf 90' lang='lat'>,</span> <span class='ocrx_word' id='word_1_172' title='bbox 318 1689 354 1729; x_wconf 66' lang='lat' dir='ltr'>fi‘?</span> <span class='ocrx_word' id='word_1_173' title='bbox 368 1701 520 1742; x_wconf 67' lang='lat' dir='ltr'>magna</span> <span class='ocrx_word' id='word_1_174' title='bbox 538 1691 689 1731; x_wconf 80' lang='lat' dir='ltr'>conatis</span> <span class='ocrx_word' id='word_1_175' title='bbox 711 1703 860 1742; x_wconf 81' lang='lat' dir='ltr'>magna</span> <span class='ocrx_word' id='word_1_176' title='bbox 885 1691 1052 1742; x_wconf 80' lang='lat' dir='ltr'>praemia</span> <span class='ocrx_word' id='word_1_177' title='bbox 1070 1701 1369 1743; x_wconf 72' lang='lat' dir='ltr'>proponantur,</span> 
     </span>
     <span class='ocr_line' id='line_1_29' title="bbox 237 1757 796 1840; baseline 0.005 -6"><span class='ocrx_word' id='word_1_178' title='bbox 237 1757 278 1796; x_wconf 58' lang='grc' dir='ltr'>Π</span> <span class='ocrx_word' id='word_1_179' title='bbox 652 1799 796 1840; x_wconf 75' lang='lat' dir='ltr'>Preces.</span> 
     </span>
     <span class='ocr_line' id='line_1_30' title="bbox 81 1849 1366 1905; baseline -0.002 -14"><span class='ocrx_word' id='word_1_180' title='bbox 81 1854 218 1893; x_wconf 64' lang='lat' dir='ltr'>preces</span> <span class='ocrx_word' id='word_1_181' title='bbox 251 1852 347 1905; x_wconf 88' lang='lat' dir='ltr'>saepe</span> <span class='ocrx_word' id='word_1_182' title='bbox 383 1850 537 1891; x_wconf 88' lang='lat' dir='ltr'>hostem</span> <span class='ocrx_word' id='word_1_183' title='bbox 574 1849 837 1903; x_wconf 85' lang='lat' dir='ltr'>mitigavere‚</span> <span class='ocrx_word' id='word_1_184' title='bbox 866 1849 1036 1889; x_wconf 83' lang='lat' dir='ltr'>deorum</span> <span class='ocrx_word' id='word_1_185' title='bbox 1075 1849 1155 1890; x_wconf 70' lang='lat' dir='ltr'>iras</span> <span class='ocrx_word' id='word_1_186' title='bbox 1187 1851 1366 1904; x_wconf 57' lang='lat' dir='ltr'>placantg,</span> 
     </span>
     <span class='ocr_line' id='line_1_31' title="bbox 543 1956 901 2000; baseline 0.006 -4"><span class='ocrx_word' id='word_1_187' title='bbox 543 1957 719 2000; x_wconf 77' lang='lat' dir='ltr'>Privata.</span> <span class='ocrx_word' id='word_1_188' title='bbox 733 1956 901 1998; x_wconf 83' lang='lat' dir='ltr'>Publica.</span> 
     </span>
    </p>

    <p class='ocr_par' dir='ltr' id='par_1_14' title="bbox 87 2011 1388 2174">
     <span class='ocr_line' id='line_1_32' title="bbox 87 2011 1376 2066; baseline 0.001 -14"><span class='ocrx_word' id='word_1_189' title='bbox 87 2012 327 2064; x_wconf 69' lang='lat' dir='ltr'>Largitionis</span> <span class='ocrx_word' id='word_1_190' title='bbox 355 2011 573 2066; x_wconf 82' lang='lat' dir='ltr'>praedaeque</span> <span class='ocrx_word' id='word_1_191' title='bbox 596 2015 635 2052; x_wconf 88' lang='lat'>&amp;</span> <span class='ocrx_word' id='word_1_192' title='bbox 661 2014 806 2064; x_wconf 83' lang='lat' dir='ltr'>privati</span> <span class='ocrx_word' id='word_1_193' title='bbox 825 2011 1034 2052; x_wconf 87' lang='lat' dir='ltr'>dulcedine</span> <span class='ocrx_word' id='word_1_194' title='bbox 1058 2011 1266 2051; x_wconf 80' lang='lat' dir='ltr'>commodi</span> <span class='ocrx_word' id='word_1_195' title='bbox 1288 2012 1376 2053; x_wconf 58' lang='lat' dir='ltr'>sena</span> 
     </span>
     <span class='ocr_line' id='line_1_33' title="bbox 136 2066 1317 2119; baseline 0.003 -15"><span class='ocrx_word' id='word_1_196' title='bbox 136 2068 198 2105; x_wconf 90' lang='lat' dir='ltr'>sus</span> <span class='ocrx_word' id='word_1_197' title='bbox 219 2066 422 2106; x_wconf 83' lang='lat' dir='ltr'>malorum</span> <span class='ocrx_word' id='word_1_198' title='bbox 442 2066 694 2119; x_wconf 86' lang='lat' dir='ltr'>publicorum</span> <span class='ocrx_word' id='word_1_199' title='bbox 713 2066 946 2106; x_wconf 84' lang='lat' dir='ltr'>hominibus</span> <span class='ocrx_word' id='word_1_200' title='bbox 964 2066 1170 2107; x_wconf 87' lang='lat' dir='ltr'>adimitur.</span> <span class='ocrx_word' id='word_1_201' title='bbox 1196 2070 1229 2107; x_wconf 93' lang='grc' dir='ltr'>Ι.</span> <span class='ocrx_word' id='word_1_202' title='bbox 1254 2080 1317 2115; x_wconf 87' lang='lat'>54.</span> 
     </span>
     <span class='ocr_line' id='line_1_34' title="bbox 87 2117 1388 2174; baseline -0.002 -12"><span class='ocrx_word' id='word_1_203' title='bbox 87 2121 219 2162; x_wconf 63' lang='lat' dir='ltr'>Bauio</span> <span class='ocrx_word' id='word_1_204' title='bbox 240 2120 510 2174; x_wconf 63' lang='lat' dir='ltr'>respeRusque</span> <span class='ocrx_word' id='word_1_205' title='bbox 530 2134 661 2159; x_wconf 88' lang='lat' dir='ltr'>rerum</span> <span class='ocrx_word' id='word_1_206' title='bbox 685 2123 933 2172; x_wconf 83' lang='lat' dir='ltr'>privatarum</span> <span class='ocrx_word' id='word_1_207' title='bbox 952 2121 1105 2174; x_wconf 80' lang='lat' dir='ltr'>semper</span> <span class='ocrx_word' id='word_1_208' title='bbox 1125 2117 1290 2160; x_wconf 86' lang='lat' dir='ltr'>offecere</span> <span class='ocrx_word' id='word_1_209' title='bbox 1314 2119 1388 2161; x_wconf 54' lang='lat' dir='ltr'>off</span> 
     </span>
    </p>

    <p class='ocr_par' dir='ltr' id='par_1_15' title="bbox 82 2173 1209 2594">
     <span class='ocr_line' id='line_1_35' title="bbox 135 2173 922 2228; baseline 0 -14"><span class='ocrx_word' id='word_1_210' title='bbox 135 2173 350 2228; x_wconf 75' lang='lat' dir='ltr'>ficientque</span> <span class='ocrx_word' id='word_1_211' title='bbox 382 2174 552 2227; x_wconf 88' lang='lat' dir='ltr'>publicis</span> <span class='ocrx_word' id='word_1_212' title='bbox 576 2174 758 2217; x_wconf 79' lang='lat' dir='ltr'>consiliis.</span> <span class='ocrx_word' id='word_1_213' title='bbox 784 2179 833 2215; x_wconf 85' lang='lat'>11.</span> <span class='ocrx_word' id='word_1_214' title='bbox 859 2188 922 2224; x_wconf 86' lang='lat'>30.</span> 
     </span>
     <span class='ocr_line' id='line_1_36' title="bbox 636 2229 823 2269; baseline 0.021 -4"><span class='ocrx_word' id='word_1_215' title='bbox 636 2229 823 2269; x_wconf 80' lang='lat' dir='ltr'>Proditor.</span> 
     </span>
     <span class='ocr_line' id='line_1_37' title="bbox 82 2281 931 2335; baseline 0 -12"><span class='ocrx_word' id='word_1_216' title='bbox 82 2281 286 2323; x_wconf 58' lang='lat' dir='ltr'>proditori</span> <span class='ocrx_word' id='word_1_217' title='bbox 313 2281 415 2322; x_wconf 83' lang='lat' dir='ltr'>nihil</span> <span class='ocrx_word' id='word_1_218' title='bbox 438 2281 604 2335; x_wconf 80' lang='lat' dir='ltr'>usquam</span> <span class='ocrx_word' id='word_1_219' title='bbox 634 2281 773 2322; x_wconf 79' lang='lat' dir='ltr'>fidum.</span> <span class='ocrx_word' id='word_1_220' title='bbox 806 2287 837 2327; x_wconf 80' lang='lat'>1.</span> <span class='ocrx_word' id='word_1_221' title='bbox 867 2297 931 2324; x_wconf 81' lang='lat'>11.</span> 
     </span>
     <span class='ocr_line' id='line_1_38' title="bbox 138 2336 823 2390; baseline 0.001 -15"><span class='ocrx_word' id='word_1_222' title='bbox 138 2339 145 2343; x_wconf 72' lang='grc'><strong>“</strong></span> <span class='ocrx_word' id='word_1_223' title='bbox 635 2336 823 2390; x_wconf 76' lang='lat' dir='ltr'>Prospera.</span> 
     </span>
     <span class='ocr_line' id='line_1_39' title="bbox 89 2388 1182 2441; baseline 0.002 -11"><span class='ocrx_word' id='word_1_224' title='bbox 89 2388 226 2431; x_wconf 66' lang='lat' dir='ltr'>soluta</span> <span class='ocrx_word' id='word_1_225' title='bbox 251 2390 390 2429; x_wconf 89' lang='lat' dir='ltr'>omnia</span> <span class='ocrx_word' id='word_1_226' title='bbox 418 2389 532 2429; x_wconf 88' lang='lat' dir='ltr'>rebus</span> <span class='ocrx_word' id='word_1_227' title='bbox 562 2389 740 2429; x_wconf 82' lang='lat' dir='ltr'>secundis</span> <span class='ocrx_word' id='word_1_228' title='bbox 766 2388 842 2429; x_wconf 84' lang='lat' dir='ltr'>effe</span> <span class='ocrx_word' id='word_1_229' title='bbox 871 2389 1014 2430; x_wconf 89' lang='lat' dir='ltr'>solent.</span> <span class='ocrx_word' id='word_1_230' title='bbox 1047 2393 1118 2431; x_wconf 87' lang='lat' dir='ltr'>VI.</span> <span class='ocrx_word' id='word_1_231' title='bbox 1147 2404 1182 2441; x_wconf 81' lang='lat'>3.</span> 
     </span>
     <span class='ocr_line' id='line_1_40' title="bbox 643 2446 826 2485; baseline 0.022 -4"><span class='ocrx_word' id='word_1_232' title='bbox 643 2446 826 2485; x_wconf 79' lang='lat' dir='ltr'>Proximi.</span> 
     </span>
     <span class='ocr_line' id='line_1_41' title="bbox 90 2497 1209 2552; baseline 0 -12"><span class='ocrx_word' id='word_1_233' title='bbox 90 2498 128 2540; x_wconf 72' lang='grc' dir='ltr'>,Α</span> <span class='ocrx_word' id='word_1_234' title='bbox 150 2498 343 2551; x_wconf 82' lang='lat' dir='ltr'>proximis</span> <span class='ocrx_word' id='word_1_235' title='bbox 374 2498 542 2552; x_wconf 81' lang='lat' dir='ltr'>quisque</span> <span class='ocrx_word' id='word_1_236' title='bbox 567 2497 898 2538; x_wconf 66' lang='lat' dir='ltr'>minime-anteiri</span> <span class='ocrx_word' id='word_1_237' title='bbox 922 2498 1023 2541; x_wconf 77' lang='lat' dir='ltr'>vult.</span> <span class='ocrx_word' id='word_1_238' title='bbox 1049 2501 1121 2540; x_wconf 89' lang='lat' dir='ltr'>VI.</span> <span class='ocrx_word' id='word_1_239' title='bbox 1145 2511 1209 2548; x_wconf 67' lang='lat'>3⁵4.</span> 
     </span>
     <span class='ocr_line' id='line_1_42' title="bbox 638 2554 846 2594; baseline 0.014 -3"><span class='ocrx_word' id='word_1_240' title='bbox 638 2554 846 2594; x_wconf 75' lang='lat' dir='ltr'>Pudicitia.</span> 
     </span>
    </p>

    <p class='ocr_par' dir='ltr' id='par_1_16' title="bbox 89 2598 1396 2662">
     <span class='ocr_line' id='line_1_43' title="bbox 89 2598 1396 2662; baseline 0.001 -17"><span class='ocrx_word' id='word_1_241' title='bbox 89 2605 212 2653; x_wconf 81' lang='lat' dir='ltr'>Quod</span> <span class='ocrx_word' id='word_1_242' title='bbox 238 2598 445 2646; x_wconf 58' lang='lat' dir='ltr'>certarnen</span> <span class='ocrx_word' id='word_1_243' title='bbox 474 2607 632 2646; x_wconf 76' lang='lat' dir='ltr'>virtutis</span> <span class='ocrx_word' id='word_1_244' title='bbox 656 2609 771 2649; x_wconf 88' lang='lat' dir='ltr'>viros·</span> <span class='ocrx_word' id='word_1_245' title='bbox 787 2618 895 2650; x_wconf 80' lang='lat' dir='ltr'>tenet</span> <span class='ocrx_word' id='word_1_246' title='bbox 910 2633 924 2657; x_wconf 84' lang='lat'><em>,</em></span> <span class='ocrx_word' id='word_1_247' title='bbox 946 2606 1024 2648; x_wconf 80' lang='lat' dir='ltr'>hoc</span> <span class='ocrx_word' id='word_1_248' title='bbox 1049 2606 1253 2662; x_wconf 62' lang='lat' dir='ltr'>pudicitiae</span> <span class='ocrx_word' id='word_1_249' title='bbox 1277 2606 1396 2649; x_wconf 59' lang='lat' dir='ltr'>imese</span> 
     </span>
    </p>

    <p class='ocr_par' dir='ltr' id='par_1_17' title="bbox 143 2660 615 2711">
     <span class='ocr_line' id='line_1_44' title="bbox 143 2660 615 2711; baseline 0.008 -13"><span class='ocrx_word' id='word_1_250' title='bbox 143 2672 352 2701; x_wconf 79' lang='lat' dir='ltr'>matronas</span> <span class='ocrx_word' id='word_1_251' title='bbox 381 2660 439 2701; x_wconf 82' lang='lat' dir='ltr'>fit.</span> <span class='ocrx_word' id='word_1_252' title='bbox 467 2665 530 2702; x_wconf 76' lang='lat' dir='ltr'>X..</span> <span class='ocrx_word' id='word_1_253' title='bbox 547 2672 615 2711; x_wconf 55' lang='grc' dir='ltr'>λῇ)</span> 
     </span>
    </p>
   </div>
   <div class='ocr_carea' id='block_1_2' title="bbox 180 2719 1177 2771">
    <p class='ocr_par' dir='ltr' id='par_1_18' title="bbox 180 2719 1177 2771">
     <span class='ocr_line' id='line_1_45' title="bbox 180 2719 1177 2771; baseline 0 -6"><span class='ocrx_word' id='word_1_254' title='bbox 180 2719 321 2768; x_wconf 70' lang='lat' dir='ltr'>Tem..</span> <span class='ocrx_word' id='word_1_255' title='bbox 330 2722 412 2771; x_wconf 60' lang='lat'>11.</span> <span class='ocrx_word' id='word_1_256' title='bbox 1122 2722 1177 2770; x_wconf 59' lang='lat' dir='ltr'>Z&lt;</span> 
     </span>
    </p>
   </div>
  </div>
 </body>
</html>
