1680 3110
310 159 439 222 290
719 135 796 196 T.
892 119 1254 193 L1v1'1

92 248 172 284 ηε
198 222 512 295 4442quidam
545 216 772 271 auetores
805 214 917 266 sunt
939 231 951 263 t
977 226 1215 282 metuque
1242 212 1293 262 in
1316 224 1492 279 magno
1524 209 1596 261 ci·
1657 243 1662 246 -

94 305 128 334 a.
1361 277 1370 286 .
1659 268 1670 280 ,

138 296 288 340 C·308·
311 306 516 345 vitatem
554 282 694 336 fuiffe
733 321 749 344 ‚
792 298 852 332 ne
885 279 1175 330 interclusus
1210 293 1457 329 exercitus
1493 291 1593 326 tam

157 1110 274 1154 Claeffis

92 1161 275 1206 'Romana

310 357 488 410 infesto
519 352 642 403 saltu
665 389 680 412 ‚
704 347 891 400 coortis
921 346 1142 414 undique
1171 344 1342 396 Tuscis
1372 342 1594 393 Umbris.

309 441 441 494 que?
465 418 844 489 opprimeretur.
884 412 982 464 Sed
1006 412 1294 479 ubicunque
1321 424 1595 478 pugnatum

307 490 414 551 est,
439 505 515 539 res
547 489 762 537 Romana
792 480 1011 550 superior
1042 478 1153 530 fuit.
1189 479 1360 545 itaque
1389 478 1414 527 a
1444 480 1598 527 Peru-

309 557 371 608 fia
389 595 404 618 ,
429 558 482 606 &
506 557 759 612 Cortona,
785 551 838 601 δε
867 546 1065 599 Arretio
1084 586 1096 607 ,
1125 562 1232 612 quae
1259 544 1412 594 ferme
1437 542 1597 609 capita
1678 579 1680 582 .

311 621 515 676 Etruriae
571 617 837 687 opulorum
867 615 923 665 ea
949 612 1230 681 tempestate
1259 624 1424 671 erant,
1449 606 1600 675 legati

312 707 486 761 pacem
545 686 790 753 oedusque
821 682 879 732 ab
902 680 1132 731 Romanis
1155 692 1376 748 petentes
1399 714 1416 738 ‚
1449 674 1599 727 indu·

314 759 417 809 cias
446 756 496 806 in
521 753 725 822 triginta
760 765 912 801 annos
941 748 1341 822 impetraverunt.
1589 799 1603 807 ,

381 824 656 874 XXXVHI.
701 822 836 870 Dum
871 816 972 866 haec
1009 831 1058 864 m
1097 812 1289 863 Etruria
1326 822 1627 876 geruntur,-

314 890 487 944 consul
505 888 628 941 aiter
643 889 710 937 C.
732 883 947 936 Marcius
969 879 1165 933 Rutilus
1187 875 1364 928 Allifas
1385 876 1445 927 de
1468 877 1602 926 Sam·

317 960 505 1013 nitibus
530 957 580 1010 vi
615 953 764 1023 cepit.
797 949 951 1002 multa
981 948 1070 999 alia
1102 944 1327 1006 castella,
1362 943 1598 1009 vicique,

316 1041 403 1079 aut
432 1023 593 1076 deleta
615 1018 856 1073 hostiliter
875 1054 890 1078 ,
912 1031 995 1067 aut
1017 1015 1206 1082 integra
1234 1013 1281 1063 in
1313 1008 1603 1079 potestatem

320 1109 518 1146 venere.
549 1092 645 1140 Per
677 1085 808 1138 idem
842 1099 1034 1152 tempus
1067 1084 1119 1134 &
1146 1079 1297 1131 classis
1324 1081 1540 1128 Romana
1572 1074 1602 1126 ὲ

321 1164 378 1213 Ρ.
401 1157 643 1210 Cornelio
662 1195 677 1218 ‚
713 1169 863 1223 quem
886 1153 1077 1201 senatus
1100 1146 1347 1199 maritimae
1369 1161 1463 1195 orae
1485 1158 1605 1212 prae·

321 1228 510 1281 fecerat
536 1264 551 1287 ‚
585 1224 635 1275 in
671 1218 991 1289 Campaniam
1028 1215 1131 1266 acta
1157 1254 1173 1277 ,
1211 1229 1368 1281 quum
1406 1208 1603 1278 appulsa

323 1293 591 1363 Pompeios
626 1288 742 1347 esset
763 1316 776 1349 ·,
801 1297 818 1322 ¹
847 1284 966 1337 socii
996 1282 1109 1333 inde
1145 1279 1338 1333 navales
1363 1277 1424 1329 ad
1447 1277 1606 1345 depo-

322 1359 596 1432 pulandum
627 1372 800 1425 agrum
833 1352 1143 1404 Nucerinum
1171 1344 1414 1416 profeffi,
1439 1342 1605 1412 proxi-
1673 1364 1677 1370 ⁴

324 1430 417 1482 mis
443 1426 618 1492 raptim
641 1420 833 1476 vastatis
855 1458 870 1481 ‚
900 1417 1031 1471 unde
1055 1415 1242 1468 reditus
1269 1426 1407 1464 tutus
1431 1410 1492 1462 ad
1515 1426 1606 1462 na·

324 1514 412 1549 ves
450 1494 566 1546 effet
592 1531 608 1554 ,
640 1486 902 1542 dulcedine
946 1488 1047 1549 (ut
1082 1482 1175 1546 fit)
1214 1478 1378 1549 praedae
1409 1475 1608 1545 longius

324 1560 558 1633 progreffi
593 1595 609 1619 ‚
650 1556 877 1609 excivere
911 1550 1091 1603 hostes,
1131 1546 1311 1600 Palatis
1343 1561 1430 1615 per
1463 1559 1610 1612 agros

324 1648 474 1682 nemo
493 1626 673 1679 obvius
696 1622 793 1674 fuit
810 1659 826 1683 ,
856 1636 1013 1689 quum
1035 1615 1298 1668 occidione
1321 1611 1483 1664 occidi
1505 1611 1609 1680 pos-

324 1700 432 1750 sent
459 1714 471 1747 :
503 1693 767 1746 redeuntes
803 1687 995 1756 agmine
1029 1684 1229 1735 incauto
1260 1679 1394 1732 haud
1428 1677 1608 1748 procul

324 1763 536 1817 navibus
581 1756 780 1811 assecuti
824 1774 847 1806 a
885 1753 1029 1804 restes
1062 1789 1079 1814 ,
1118 1761 1362 1802 exuerunt
1405 1744 1605 1814 praeda3

323 1846 516 1902 partem
544 1827 690 1879 eriam
721 1770 1049 1875 occiferunt:
1077 1835 1184 1886 quae
1217 1810 1608 1885 superfuit’caedi
1643 1828 1646 1829 ⁷

321 1897 514 1967 trepida
530 1892 804 1946 multitudo
823 1929 837 1953 ,
861 1888 921 1940 ad
942 1902 1090 1939 naves
1112 1882 1362 1953 compulsa
1378 1880 1466 1932 est.
1489 1881 1612 1930 Pro·-

321 1966 476 2018 festio
511 1967 582 2027 Q.
618 1959 748 2011 Fabii
776 1972 908 2008 trans
942 1953 1209 2005 Ciminiam
1242 1949 1612 2017 sylvam'quanss-

325 2047 434 2085 tum
471 2034 633 2081 Romae
668 2041 910 2077 terrorem
943 2021 1129 2075 fecerat
1158 2057 1174 2080 ,
1212 2031 1312 2068 tam
1340 2015 1498 2066 laetam
1536 2012 1608 2063 fa-

320 2116 454 2151 mam·
477 2097 528 2147 in
560 2093 810 2146 Samnium
842 2089 904 2141 ad
943 2086 1105 2139 hostes
1140 2083 1354 2136 tulerat:
1379 2079 1607 2131 interclu-
1655 2104 1659 2106 ·

312 2170 422 2234 sum
447 2173 695 2215 Romanum
715 2160 960 2210 exercitum
983 2153 1167 2222 obsideri
1186 2187 1203 2208 ,
1227 2149 1462 2216 cladisque
1483 2149 1610 2197 ima-

320 2236 484 2302 ginem
520 2226 740 2280 Furculas
781 2225 1011 2275 Caudinas
1051 2215 1407 2268 memorabant.
1453 2213 1611 2265 eadem

326 2301 587 2352 temeritate
619 2297 809 2344 avidam
845 2290 1115 2340 ulteriorum
1136 2287 1318 2351 semper
1346 2298 1532 2349 gentem
1560 2282 1612 2334 in

316 2367 473 2434 salt-us
503 2364 658 2416 invios
686 2360 925 2410 deduflam
947 2393 963 2416 ‚
983 2357 1162 2421 septam
1188 2370 1273 2401 non
1294 2350 1482 2414 hqllium
1507 2365 1610 2396 ma·
1673 2403 1676 2406 ,

321 2437 404 2505 gis
425 2434 600 2489 armis,
624 2431 764 2497 qudm
788 2425 987 2476 locorum
1013 2419 1345 2488 iniquitatibus
1375 2416 1470 2484 effe.
1501 2420 1529 2466 J
1534 2429 1612 2465 am

382 2607 398 2633 1
436 2592 614 2635 Socii.·:
644 2588 845 2642 navales]
877 2584 1068 2631 Claffiarii
1091 2582 1247 2626 milites.
1284 2577 1377 2623 vid.
1397 2586 1480 2618 not.
1507 2586 1541 2624 3-
1559 2571 1609 2614 ad

316 2653 431 2693 XXI.
458 2663 524 2699 49.
545 2644 665 2689 infra.
