1669 3052
376 119 426 181 L
476 138 498 181 1
548 139 585 181 B
633 137 672 181 E
720 136 761 180 R
843 118 1011 183 VII.
1212 134 1340 203 '119

66 202 269 275 jacentis
294 202 423 253 Galli
446 218 624 270 corpus
648 201 900 253 contraeto
923 201 1187 254 certamine
1207 242 1222 265 ,
1252 226 1338 275 pu.
1361 231 1549 276 Usum.

67 273 163 341 gna
193 285 331 320 atrox
362 269 656 319 concitatur.
687 274 714 318 J
720 287 793 318 am
823 285 920 318 non
949 270 1204 338 manipulis
1226 292 1338 340 pro·
1357 280 1442 316 a.C·
1460 291 1550 323 34⁶.

35 351 37 355 ⁴
67 338 305 389 ximarum
340 335 599 386 stationum
622 374 634 394 ,
667 335 746 384 sed
777 335 1055 401 legionibus
1090 339 1338 409 utrimque

14 410 18 459 j
66 402 222 455 effufis
247 419 322 452 res
346 402 548 470 geritur.
582 400 822 452 Camillus
849 401 1010 453 laetum
1036 404 1241 456 militem
1262 406 1337 458 vi-
1392 409 1549 465 Pr³fi¹⁴3²⁸

67 468 218 522 &oria
253 468 466 530 tribuni,
498 467 659 517 laetum
691 482 789 516 tam
821 469 1133 540 praesentibus
1168 489 1224 522 ac
1266 473 1336 523 se·
1357 466 1539 540 {ZTWZ‘J

67 534 243 587 cundis
266 535 358 586 diis
377 572 391 595 ‚
415 535 482 583 ire
505 534 553 582 in
578 531 793 600 praelium
813 534 980 600 jubet:
1001 535 1338 607 ostentansque
1361 518 1536 588 satistut-

68 601 301 669 infignem
318 600 481 668 spoliis
505 599 758 649 tribunum
775 636 789 659 ,
810 609 944 650 Hunc
969 605 1155 653 imitare
1175 607 1339 662 miles,
1359 601 1421 642 “³⁵'-

70 669 231 721 aiebat
260 687 271 718 ε
308 670 365 723 &¹
401 671 524 716 circa
549 673 776 726 jacentem
809 670 966 717 ducem
990 671 1143 731 sterne
1177 671 1343 721 Gallo-

10 760 24 767 κ
72 755 173 786 rum
205 751 433 785 catervas.
474 733 559 783 Dii
592 731 910 800 hominesque
940 734 1011 784 illi
1044 734 1222 787 affuere
1247 756 1343 806 pu-

0 820 3 821 ’
70 818 202 871 gnae,
221 800 652 869 depugnatumque
678 799 1058 869 haudquaquam
1081 804 1347 856 certamine

71 868 306 936 ambiguo
337 886 451 919 cum
483 865 637 916 Gallis
671 865 767 915 est:
790 867 913 917 adeo
947 867 1217 919 2'duorum
1251 871 1344 920 rni-

72 935 218 985 litum
253 949 485 986 eventum
517 970 533 993 ‚
569 932 696 981 inter
732 950 859 999 quos
895 949 1164 1001 pugnatum
1199 951 1303 987 erat
1328 975 1347 999 ‚

76 1017 286 1070 utraque
310 1003 437 1052 acies
459 998 629 1049 animis
652 1016 957 1072 praeceperat.
981 1005 1114 1051 Inter
1132 1002 1315 1069 primos
1331 1043 1346 1064 ‚

78 1086 293 1134 quorum
322 1066 586 1117 concursus
614 1066 732 1114 alios
762 1067 1011 1116 exciverat
1030 1106 1044 1127 ‚
1071 1083 1210 1117 atrox
1232 1087 1351 1137 prae-

79 1135 202 1186 lium
231 1135 353 1185 fuit:
378 1132 468 1183 alia
497 1131 797 1193 multitudo,
830 1133 1107 1201 priusquam
1137 1134 1196 1186 ad
1227 1153 1350 1186 con-

78 1201 258 1269 jectum
292 1199 377 1251 teli
409 1199 600 1250 veniret
625 1238 641 1260 ‚
685 1213 820 1267 terga
853 1199 1018 1252 vertit.
1059 1200 1226 1250 Primo
1261 1219 1349 1270 per

79 1267 286 1319 Volscos
315 1307 331 1329 ‚
370 1266 723 1334 Falernumque
756 1281 926 1334 agrum
961 1265 1166 1335 diffipati
1203 1269 1349 1320 sunt:

77 1334 193 1386 inde
238 1333 467 1403 Apuliam
510 1349 567 1382 ac
613 1349 743 1383 mare
792 1339 1032 1401 Superum
1081 1335 1348 1401 petierunt.

79 1401 307 1462 Consul,
343 1399 581 1450 concione
611 1399 846 1451 advocata
865 1439 880 1462 ,
905 1400 1155 1452 laudatum
1190 1402 1349 1453 tribu-

80 1485 199 1520 num
219 1506 234 1528 ‚
259 1467 430 1518 decem
462 1466 623 1517 bobus
647 1506 662 1528 ‚
691 1466 937 1535 aureaque
969 1468 1153 1518 corona
1180 1468 1348 1520 donat.

79 1535 179 1604 ipse
205 1532 352 1601 juffus
385 1533 445 1584 ab
479 1534 646 1586 senatu
673 1533 857 1584 bellum
887 1534 1185 1586 maritimum
1214 1553 1352 1588 cura·

78 1618 132 1654 re
153 1641 169 1664 ,
196 1618 318 1652 acum
350 1615 554 1669 praetore
588 1600 747 1665 junxit
779 1600 943 1652 castra.
976 1600 1044 1653 ibi
1070 1640 1085 1663 ,
1123 1602 1239 1669 quia
1272 1620 1352 1654 res

80 1667 206 1719 trahi
239 1668 440 1744 segnitia
478 1670 762 1717 Graecorum
797 1684 895 1718 non
927 1668 1354 1722 committentium

81 1738 129 1787 se
158 1735 207 1785 in
235 1752 390 1785 aciem
412 1733 672 1786 videbatur
687 1772 702 1794 ,
723 1733 1010 1786 distatorem
1033 1736 1354 1788 comitiorum

80 1801 227 1852 caus&
260 1803 317 1851 T.
351 1801 590 1851 Manlium
622 1803 930 1869 Torquatum
963 1820 1023 1853 ex
1062 1803 1353 1855 aufiloritate
1380 1826 1430 1868 T,
1448 1831 1563 1864 Mas„

83 1867 274 1919 senatus
308 1867 446 1918 dixit,
480 1867 734 1929 DiCtat0r‚
771 1868 996 1936 magistro
1030 1870 1255 1938 equitum
1287 1874 1350 1922 A.
1371 1874 1564 1912 liusdieta-

83 1935 325 1986 Cornelio
354 1932 505 1985 Coffo
540 1933 701 1995 dieto,
726 1935 995 1987 consularia
1028 1937 1229 1987 comitia
1261 1933 1436 1988 ᾔει-ὀν’

83 2002 195 2053 buit
226 2041 241 2064 ,
282 2000 608 2068 aemulumque
649 2002 842 2052 decoris
888 2003 959 2053 sui
1002 2003 1249 2054 absentem
1283 2008 1352 2056 M.
1376 2006 1565 2063 σιω-μ

83 2069 335 2120 Valerium
358 2073 582 2120 Corvum
611 2068 700 2132 (id
721 2070 851 2119 enim
873 2068 943 2119 illi
968 2069 1144 2121 deinde
1165 2086 1356 2138 cogno-
1374 2071 1460 2106 ³·C·
1478 2080 1567 2126 3055·

67 2135 234 2188 ‘minis
267 2134 404 2199 fuit)
440 2135 829 2186 summosfavore
862 2137 1031 2204 populi
1063 2151 1161 2187 tres
1196 2140 1249 2189 δε
1281 2116 1568 2203 vi-1effffssfss1}

86 2202 210 2270 ginti
244 2217 412 2253 natum
443 2218 593 2252 annos
624 2202 872 2253 consulem
903 2203 1223 2256 renunciavit.
1250 2203 1353 2254 col·
1378 2207 1550 2254 Popillio

84 2268 193 2338 lega
212 2271 383 2323 Corvo
408 2270 467 2322 de
500 2267 643 2337 plebe
671 2275 739 2322 M.
769 2269 1011 2340 Popillius
1034 2274 1194 2323 Laenas
1215 2288 1359 2339 quar·
1377 2251 1571 2296 IV·C⁰ff·

140 2417 162 2442 2
193 2412 360 2449 Duorum
391 2401 554 2442 militum
582 2417 694 2442 even·
748 2404 808 2443 nis
831 2416 947 2457 capto
974 2404 1132 2451 omine,
1152 2404 1358 2455 praesagie-

86 2468 168 2498 tum
184 2489 194 2499 .
215 2491 225 2500 .
243 2492 253 2501 .
289 2470 445 2513 utraque
481 2459 580 2496 acies
615 2458 695 2496 ani·
750 2458 819 2496 bat
840 2460 980 2497 animis
1000 2456 1181 2496 eumdem
1203 2470 1362 2509 quoque

89 2514 166 2551 mis
216 2515 468 2568 praeceperat]
520 2515 697 2563 Utraque
750 2524 930 2551 eventum
955 2511 1039 2550 fote
1058 2511 1241 2550 universae
1262 2513 1362 2551 iuter

88 2568 189 2605 acies
233 2581 277 2606 ex
318 2575 454 2606 eventu
497 2562 698 2616 singularis
751 2565 848 2606 duos
868 2568 1053 2606 exercitus
1071 2577 1226 2619 pugnae.

89 2620 189 2661 inter
219 2621 317 2662 duos
345 2618 488 2659 milites
512 2620 696 2660 certami-
