1669 3052
418 193 785 260 LIBER
872 201 1004 265 IX.·
1241 215 1377 296 267

78 268 169 321 cis.
199 271 329 339 Fugzi
355 275 530 328 cuneta
565 281 876 350 complentur
898 324 912 347 ‚
935 301 1187 360 portaeque
1212 295 1272 346 ab
1296 299 1368 349 se·
1392 321 1586 365 u.c,440.«

39 367 42 369 Δ
83 336 331 390 misomnis
377 377 391 398 ‚
440 360 496 393 ac
540 346 745 399 maxima
789 366 924 418 parte
969 357 1240 413 inermibus
1283 382 1366 416 re-
1389 369 1580 414 ²·C·3¹²·

81 400 367 471 fringuntur
388 427 399 457 t
421 428 628 477 quarum
648 431 735 481 per
766 434 911 468 unam
939 429 955 455 1
982 425 1254 492 praefidium
1275 433 1368 483 Ro-

77 485 276 522 manum
310 473 521 527 clamore
557 484 827 532 excitatum
863 486 1094 558 irrumpit
1115 533 1128 554 ‚
1155 497 1209 545 &
1245 514 1366 550 con-

79 538 326 589 cursantes
364 559 449 608 per
488 543 590 595 vias
637 548 841 614 pavidos
888 555 1044 608 caedit.
1100 564 1207 612 Jam
1245 565 1365 618 Sora

77 618 220 671 capta
253 621 355 657 erat
374 646 387 667 ‚
414 626 569 677 quum
593 614 816 666 consules
840 620 996 686 prima
1015 623 1125 675 luce
1149 628 1363 684 advene-

76 682 130 719 re
154 693 169 732 3
196 674 246 721 δε
262 708 277 730 ,
301 691 426 740 quos
462 676 679 745 reliquos
701 680 900 734 fortuna
931 703 991 738 ex
1008 691 1247 747 nocturna
1272 717 1364 750 cae-

74 734 138 784 de
170 753 226 786 ac
262 736 380 807 fuga
422 740 639 807 fecerat,
666 749 714 797 in
750 748 1056 807 deditionem
1089 761 1360 830 accipiunt.

33 794 38 803 ’
75 803 147 852 Ex
169 801 245 854 his
273 804 515 860 ducentos
549 812 724 880 viginti
748 817 868 884 quin
912 837 1002 880 ue,
1026 825 1111 891 qui
1136 831 1360 886 omnium

74 871 312 922 consensu
351 874 713 932 destinabantur
745 885 799 934 δε
827 884 875 935 in
903 888 1033 939 andae
1064 892 1361 952 colonorum

56 936 218 987 'caedis
237 975 251 997 ,
275 941 325 989 δε
350 940 641 997 defefflonis
673 948 896 1003 austores
910 993 923 1014 ‚
942 956 1135 1010 vinetos
1153 964 1358 1018 Romam

32 1000 35 1003 ‘
74 1001 348 1056 deducunt.
371 1022 585 1062 ceteram
615 1014 984 1073 multitudinem
1020 1024 1356 1094 incolumem,

74 1070 290 1136 praefidio
334 1073 590 1143 impolito,
633 1083 760 1132 Sorae
807 1086 1112 1155 relinquunt.
1160 1099 1359 1150 Omnes

73 1137 164 1203 qui
194 1140 393 1190 Romam
416 1143 615 1196 deduffi
639 1165 775 1200 erant
793 1190 810 1214 ‚
836 1154 986 1223 virgis
1009 1157 1059 1208 in
1082 1158 1195 1212 foro
1219 1164 1354 1228 caefi,

68 1219 129 1253 ac
159 1204 315 1255 securi
342 1212 546 1276 percu‘ffi
564 1252 579 1274 ,
613 1216 800 1268 summo
835 1222 1017 1275 oaudio
1049 1226 1239 1294 plebis,
1264 1249 1354 1282 cu-

69 1268 149 1334 jus
167 1273 376 1325 maxime
398 1276 632 1332 intererat
651 1321 667 1344 ‚
689 1298 846 1337 tutam
868 1289 1065 1358 ubique
1085 1331 1099 1353 ‚
1123 1315 1229 1363 quae
1251 1300 1354 1366 pas-

67 1334 153 1387 sun
170 1342 221 1387 in
253 1341 472 1394 colonias
505 1347 786 1402 mitteretur
807 1394 823 1416 ,
842 1356 1213 1414 multitudinem
1240 1365 1351 1418 effe.

134 1407 284 1458 XXV.
321 1410 565 1464 Consules
596 1417 654 1466 ab
692 1423 811 1470 Sora
853 1424 1097 1490 profecti,
1124 1432 1174 1481 in
1211 1448 1356 1501 agros

32 1475 38 1485 '
65 1484 218 1538 atque
249 1474 397 1527 urbes
424 1481 682 1534 Ausonum
706 1485 892 1539 bellum
931 1491 1221 1550 intulerunt.
1249 1519 1351 1552 mo-
1409 1512 1566 1557 Aufivm

66 1551 118 1586 ta
154 1554 366 1609 namque
402 1547 568 1598 omnia
597 1550 814 1606 adventu
848 1561 1140 1613 Samnitium
1157 1603 1170 1626 ‚
1192 1584 1348 1634 quum
1372 1559 1474 1646 ὃζζζζξ
1498 1573 1565 1609 ‘²²‘

65 1605 198 1671 apud
233 1610 462 1662 Lautulas
505 1613 794 1671 dimicatum
833 1623 931 1686 est,
973 1626 1194 1694 fuerant,
1230 1619 1389 1687 con-¹⁷
1475 1637 1491 1651 ”

66 1670 435 1747 jurationesque
468 1681 598 1734 circa
627 1689 946 1756 Campaniam
979 1696 1142 1763 paffim
1176 1698 1352 1767 fa'c'tae3

65 1754 159 1789 nec
189 1742 362 1812 Capua
383 1744 480 1814 ipsa
503 1750 706 1804 crimine
729 1757 888 1808 caruit
911 1777 922 1811 :
952 1769 967 1795 ¹
997 1764 1119 1831 quin
1144 1768 1351 1824 Romam

66 1822 273 1877 quoque
304 1813 354 1861 δε
385 1813 445 1864 ad
467 1817 742 1887 principum
765 1825 1000 1890 quosdam
1023 1829 1349 1900 inquirendos

65 1888 272 1926 ventum
290 1878 371 1928 est.
410 1882 650 1936 Ceterum
671 1890 929 1943 Ausonum
952 1911 1073 1962 gens
1107 1902 1348 1966 proditio-

22 1962 25 1965 ·
62 1954 127 1992 ne
163 1942 359 1996 urbium
381 1985 397 2007 ‚
435 1948 557 2001 ficut
588 1957 736 2017 Sora,
767 1957 815 2007 in
859 1962 1145 2027 potestatem
1187 1973 1343 2024 venit.

56 2010 262 2060 Ausona
279 2050 294 2072 ‚
316 2014 370 2063 δε
393 2015 652 2071 Minturnae
673 2060 688 2082 ,
714 2025 764 2073 δε
784 2028 978 2087 Vescia,
1005 2031 1150 2084 urbes
1174 2053 1344 2091 erant:

11 2094 13 2097 ’
63 2089 127 2124 ex
160 2076 342 2143 quibus
375 2082 620 2153 principes
639 2087 914 2155 juventutis
947 2096 1213 2153 duodecim
1250 2122 1346 2156 nu-

62 2156 202 2192 mero
224 2143 274 2194 in
298 2147 632 2209 proditionem
653 2156 852 2210 urbium
871 2162 1064 2215 suarum
1097 2170 1344 2235 conjurati

61 2206 125 2258 ad
146 2212 370 2263 consules
403 2218 608 2271 veniunt
636 2240 647 2272 ε
681 2223 894 2290 docent,
936 2251 1015 2281 uos
1025 2239 1341 2304 jampridem,

62 2290 320 2344 exoptantes
354 2287 625 2337 Samnitium
662 2294 935 2354 adventum,
959 2299 1105 2364 stmul
1123 2307 1185 2353 ad
1215 2314 1342 2357 Lau-

59 2341 186 2395 tulas
212 2360 474 2414 pugnatum
506 2357 749 2409 audierunt
771 2396 789 2418 ,
824 2378 907 2428 pro
939 2368 1086 2419 vistis
1120 2377 1342 2425 Romanos

116 2487 132 2513 1
182 2479 396 2531 Praefidium
432 2489 672 2542 Romanum]
728 2494 830 2534 nihil
859 2497 968 2539 aliud
991 2500 1068 2550 est,
1090 2504 1209 2556 quam
1236 2492 1358 2547 mili?

58 2532 255 2572 cohortes
269 2563 281 2582 ,
307 2550 393 2588 quae
411 2539 524 2592 supra
541 2541 673 2582 dicun·
707 2547 710 2551 “
728 2559 813 2588 tum
831 2564 982 2592 manus.
1009 2557 1100 2597 Vid.
1118 2559 1233 2612 supra
1251 2564 1345 2603 vn.

0 2604 21 2635 ιγ
56 2594 124 2624 tur
168 2587 416 2637 sylvestribus
459 2595 555 2633 locis
601 2598 672 2637 sub
733 2614 796 2649 34.
821 2612 882 2650 36.
906 2608 1028 2655 &37-

8 2664 11 2669 =
58 2640 206 2691 oppido
236 2642 426 2685 insedisse.
460 2648 673 2698 Praefidium
788 2667 803 2693 1
839 2658 951 2706 e§Quin
982 2668 1140 2705 Romam
1170 2676 1344 2724 quoque]

58 2703 343 2751 nonnunquam
380 2700 483 2755 apud
517 2705 670 2747 Livium
732 2712 821 2751 Hoc
844 2710 962 2755 fusius
983 2728 1166 2781 narrat-ur
1187 2735 1222 2761 c.
1244 2724 1325 2778 seq.
