1669 3052
412 141 775 213 Lrssnss
857 126 986 192 IX.
1205 124 1332 199 309

65 261 139 303 tat
161 266 175 308 3
199 242 283 301 δε,
302 233 618 307 posteaquam
653 238 759 274 eam
790 214 1053 268 lectionem
1087 217 1235 254 nemo
1268 215 1339 248 ra-
1364 220 1555 257 [λιμῶ

67 304 363 367 tam‘habuit
379 341 394 364 ,
421 310 467 341 ¹³
497 312 587 348 nec
612 292 659 342 in
685 285 821 338 curia
845 279 1049 345 adeptus
1072 282 1204 328 erat,
1223 278 1344 334 quas
1364 266 1555 306 a.c.30;.

70 377 279 451 petierat
313 384 432 437 opes
464 363 669 415 urbanas
698 393 714 415 ,
750 346 1020 402 humilibus
1053 354 1138 406 per
1173 344 1346 384 omnes

73 444 234 497 nribus
266 434 456 493 divisis,
485 439 537 470 ¹4
563 425 728 476 forum
761 422 811 468 δε
845 425 1073 483 campum
1103 396 1349 465 corrupit.

67 520 370 572 tantumque
406 494 553 549 Flavii
591 484 790 540 comitia
825 469 1129 544 indignitatis
1161 465 1353 516 habue-

79 590 199 630 tunt
218 613 234 634 ,
264 586 319 622 ut
346 563 568 636 plerique
598 551 841 606 nobilium
875 540 1080 595 annulos
1110 547 1283 585 aureos
1305 530 1357 579 δε

437 629 755 694 deponerent.
800 616 872 662 Ex
914 627 975 659 eo
1009 615 1229 669 tempore
1255 635 1270 659 ‚
1309 594 1362 644 in

38 767 41 769 ‚
84 709 206 760 duas
229 699 388 773 partes
421 689 627 746 disceffit
656 682 847 736 civitas,
885 671 1017 726 aliud
1055 670 1244 732 integer
1281 678 1365 728 po-

87 774 235 846 pulus
261 768 427 819 fautor
452 765 501 813 &
521 755 685 808 cultor
708 751 955 800 bonorum
971 778 988 801 ‚
1008 732 1142 788 aliud
1165 726 1366 780 forensis

95 839 247 900 fafitio
277 832 475 886 tenebat
495 844 507 877 ι
525 824 682 875 donec
715 819 784 879 Q.
820 808 992 860 Fabius
1021 806 1071 854 δε
1098 801 1154 849 Ρ.
1181 793 1368 847 Decius

95 908 321 960 censores
353 896 465 949 facti
491 914 506 951 ς
531 893 581 941 δεῖ
603 883 774 937 Fabius
797 873 931 928 fimul
958 863 1234 923 concordiae
1257 877 1372 911 cau-
1443 869 1592 916 forenfis

97 975 151 1027 εδ,
171 1012 187 1034 ,
226 965 364 1020 simul
394 979 454 1015 ne
483 951 874 1009 humillimorum
907 943 955 991 in
989 950 1139 987 manu
1175 925 1374 980 comitia
1402 923 1499 978 ‘urba
1528 921 1569 955 ὃν»

103 1039 252 1093 essent
269 1074 285 1096 ‚
303 1046 498 1085 omnem
510 1018 757 1074 forensem
777 1009 975 1076 turbam
991 1013 1239 1054 excretam
1257 1006 1273 1030 1
1285 993 1307 1027 ⁶
1324 992 1378 1042 in
1403 971 1514 1053 2222}
1528 979 1601 1050 221}

107 1119 323 1178 quatuor
356 1095 513 1149 tribus
544 1082 759 1152 conjecit
793 1116 810 1140 ,
848 1069 1151 1135 urbanasque
1187 1076 1267 1115 eas
1302 1075 1381 1126 ap·
1406 1066 1513 1112 ficeta.

108 1204 497 1266 deincepsqlibertinos
515 1212 559 1239 ac
571 1195 722 1235 libertos
775 1185 888 1225 tierat
914 1191 1025 1237 opes,
1051 1170 1204 1214 urbanis
1233 1163 1388 1206 humili-

109 1283 186 1323 pto
215 1264 352 1305 iisdem
379 1267 555 1308 acceptos
584 1243 721 1293 fuiffe3
774 1239 843 1279 bus
857 1269 867 1277 .
886 1265 896 1275 .
912 1265 922 1274 .

111 1327 168 1362 ita
194 1330 325 1359 tamen
344 1327 392 1352 >ut
414 1309 567 1349 'libertus
585 1302 636 1342 ad
653 1312 723 1353 pa·
834 1301 885 1338 14
921 1290 949 1326 F
953 1297 1055 1325 orum
1099 1291 1152 1325 ω’
1193 1276 1394 1329 campum]

115 1386 278 1416 tronum
301 1400 313 1419 ‚
343 1363 540 1407 libertinus
575 1356 626 1397 ad
661 1357 722 1392 in·
779 1344 955 1385 Comitia
969 1338 1119 1378 tributa
1134 1361 1147 1380 ,
1170 1341 1254 1383 quae
1277 1332 1317 1365 in
1333 1324 1396 1364 fo-

115 1439 287 1483 genuum
326 1420 544 1460 referretur.
593 1414 727 1460 Itaque
781 1412 853 1446 το,
875 1398 915 1434 ὃ(
945 1392 1109 1434 comitia
1140 1383 1356 1425 centuriata
1380 1405 1394 1426 ,

111 1481 320 1523 dicebatur
360 1473 466 1512 homo
498 1465 690 1506 libertinus
707 1474 724 1507 ,-
783 1463 868 1504 quae
887 1452 928 1487 in
944 1459 1030 1486 cam

122 1548 206 1576 non
239 1529 334 1572 vero
371 1523 564 1565 libertinus
600 1528 729 1561 meus,
788 1508 945 1544 bantur.

125 1588 320 1629 libertinus
341 1575 521 1629 Caesaris,
541 1570 604 1610 sed
620 1566 732 1606 liher—
767 1560 774 1564 “
846 1568 888 1603 15
921 1549 1137 1597 Phaleras]
1167 1537 1403 1584 ornamenti

123 1654 189 1684 tus
217 1652 345 1681 meus,
377 1631 532 1671 libertus
564 1620 735 1669 Caesaris.
786 1623 937 1665 genus,
962 1602 1067 1659 quod
1085 1600 1291 1654 proprium
1308 1591 1404 1632 fuis-

131 1700 187 1738 Αἰ
206 1696 265 1732 his
283 1683 523 1740 temporibus
541 1708 552 1727 ,
578 1677 624 1716 de
649 1686 737 1727 qur·
793 1668 830 1706 se
850 1659 1137 1712 tum'Equiturn
1156 1650 1301 1703 insigne
1319 1645 1406 1685 col-

125 1751 204 1791 :bus
224 1758 324 1786 nunc
341 1742 423 1794 agit
443 1736 596 1781 Livius,
619 1728 739 1769 liber·
797 1720 935 1772 ligitur
951 1726 996 1763 ex
1010 1710 1138 1750 Plinio
1150 1705 1205 1755 ,1.
1222 1702 1408 1742 XXXIII.

133 1806 239 1843 rinos
269 1806 430 1838 vocatos
462 1784 573 1829 fuisse
607 1790 740 1824 Sueto·
799 1788 836 1813 c.
866 1782 902 1809 1.
946 1762 1124 1807 Annulos
1154 1769 1290 1799 aureos
1320 1762 1412 1792 tunc

135 1860 224 1897 nius
251 1855 307 1892 ait
334 1852 376 1889 in
399 1841 568 1886 Claudio
584 1867 596 1887 ‚
613 1851 648 1878 c.
676 1847 743 1883 24.
802 1826 826 1866 ὲ
842 1824 934 1864 solis
948 1815 1190 1860 senatoribus
1206 1841 1219 1861 ‚
1239 1823 1308 1849 nec
1325 1807 1414 1846 uni-

133 1924 210 1950 non
238 1906 333 1961 ipsos
360 1901 426 1957 qui
450 1892 748 1936 manumitteren-
800 1877 916 1920 vetfis
931 1904 945 1925 ,
970 1873 1031 1913 sed
1068 1880 1206 1910 eorum
1245 1860 1416 1902 nobilis·

140 1975 230 2011 tur,
251 1958 317 2013 sed
341 1958 538 2007 ingenuos,
572 1950 599 1986 i.
626 1959 660 1983 e.
686 1954 751 1981 cos
805 1932 907 1973 (imis
925 1959 938 1978 ‚
968 1925 1132 1981 gestatos
1165 1914 1276 1960 fuiffe
1312 1914 1416 1953 idern

144 2018 214 2070 qui
241 2010 409 2052 Suetonii
434 2017 519 2044 aevo
543 2013 617 2054 pro
640 2000 759 2049 inge-1
806 1989 971 2039 scriptor
992 1977 1167 2019 affirmat
1183 1970 1346 2012 ibidem.

147 2071 233 2110 nuis
277 2062 524 2104 habebantur
554 2083 569 2104 ,
605 2065 654 2091 ex
694 2049 755 2089 ln's
786 2061 792 2067 ·
856 2047 904 2077 16
933 2039 984 2074 ln
1010 2040 1170 2089 quatuor
1194 2023 1314 2065 tribus
1334 2033 1422 2059 con-

144 2129 368 2180 procreatos.
810 2095 930 2145 iecit]
957 2092 1026 2128 Eas
1051 2093 1189 2134 nempe
1214 2107 1227 2128 ,
1256 2080 1298 2116 in
1328 2084 1423 2128 quas

213 2186 255 2212 ι·
300 2175 376 2210 Nec
405 2167 419 2205 i

151 2197 261 2269 erat).
277 2255 287 2265 .
303 2253 314 2263 .
332 2232 415 2276 opes
433 2216 625 2262 urbanas]
646 2206 762 2250 Reae
817 2216 835 2241 r
901 2228 915 2248 ‚
943 2199 950 2206 ’

157 2282 347 2323 admonet
361 2271 581 2313 Gronovius
592 2264 765 2304 otiosam
820 2254 873 2297 ste
895 2252 1016 2292 Dion.
1037 2243 1131 2286 Hal.
1152 2241 1180 2280 l.
1203 2243 1274 2278 lv.
1294 2233 1432 2274 referri
1495 2269 1497 2271 ,

90 2341 95 2345 ⁴
153 2335 228 2379 ,hic
244 2330 317 2373 effe
332 2337 472 2368 vocem
492 2318 657 2360 urbanas
675 2345 688 2365 ‚
705 2316 768 2356 cui
822 2303 979 2362 jufferat
997 2330 1010 2351 ,
1038 2291 1230 2352 quidquid
1261 2285 1352 2330 effer
1386 2287 1434 2325 li-

156 2402 209 2431 nt
229 2388 336 2428 locus
357 2377 447 2421 effet
464 2405 476 2425 ‚
498 2382 693 2426 oporteret
708 2368 770 2408 fa·
823 2360 970 2402 bertini
999 2353 1162 2408 generis.
1202 2349 1337 2396 Itaque
1364 2343 1435 2380 Pa-

829 2417 916 2455 bius
940 2407 1043 2450 nihil
1063 2404 1127 2444 hic
1142 2400 1304 2441 instituit
1320 2395 1439 2440 novi,

169 2494 355 2538 rumdam
384 2479 522 2526 diversi
556 2481 703 2531 generis
731 2489 776 2514 o-
834 2467 898 2508 sed
938 2472 1109 2504 veterem
1152 2465 1307 2494 rnorem
1338 2476 1361 2498 ,v
1390 2446 1443 2485 ab

170 2561 267 2605 pum
280 2576 293 2596 ,
309 2559 349 2584 v.
366 2556 407 2595 g.
423 2548 543 2590 opum
559 2531 662 2584 apud
677 2541 784 2569 exer·
838 2521 968 2573 Appio
998 2513 1156 2555 censore
1194 2508 1364 2559 spretum
1397 2510 1449 2540 ac

174 2606 316 2644 citum.
342 2595 451 2647 Legit
476 2591 595 2642 igitur
615 2600 624 2623 ε
647 2588 721 2622 Nec
747 2582 789 2620 in
839 2574 1061 2618 violatum,
1078 2562 1243 2606 reduxit.

175 2657 280 2698 curia
298 2654 458 2706 adeptus
478 2649 558 2685 erat
575 2665 588 2689 ,
613 2649 708 2695 quas
725 2644 791 2692 pe·

1034 1457 1086 1496 po
1103 1439 1253 1480 Martio
1272 1433 1398 1473 habe-

165 2445 272 2483 &am
294 2433 404 2478 fuisse
421 2431 661 2470 mentionem
681 2435 777 2476 qua-
