1680 3110
308 201 438 281 ⁷148
710 191 787 251 T.
881 189 934 249 L
979 207 1006 247 1
1054 205 1098 248 v
1147 207 1174 247 1
1217 203 1243 245 1

95 314 290 354 &0413-
310 281 497 335 biscitis
531 288 731 328 cautum
749 309 764 334 ‚
789 288 851 323 ne
872 269 984 340 quis
1007 267 1236 320 eumdem
1263 263 1590 334 magistratum

98 362 184 403 as,
202 370 287 403 ⁵39,
311 354 441 406 intra
464 347 636 397 decem
659 357 811 394 annos
832 351 1063 408 caperet:
1087 353 1185 386 neu
1208 334 1333 386 duos
1353 329 1595 398 magistra·

312 434 397 469 tus
432 431 535 465 uno
563 427 690 461 anno
719 420 941 475 gereret:
967 405 1144 472 utique
1171 401 1343 456 liceret
1368 393 1593 448 consules

311 484 482 536 ambos
515 476 735 548 plebeios
766 473 935 524 creari.
971 474 1098 534 Quae
1121 467 1154 520 fi
1179 467 1341 519 omnia
1372 457 1595 514 concessa.

303 552 428 603 vsunt
449 546 581 618 plebi
602 583 617 605 ‚
640 557 837 613 apparet
859 539 991 590 haud
1013 552 1183 605 parvas
1206 535 1335 586 vites
1357 528 1598 582 defectio-

316 634 432 670 nem
470 610 701 665 habuisse.
743 609 866 662 Aliis
905 604 1156 656 annalibus
1202 599 1456 668 proditum
1492 594 1596 654 est,

317 700 483 751 neque
520 678 810 735 dictatorem
845 672 1097 724 Valerium
1135 669 1321 720 dictum
1342 705 1357 728 ,
1391 664 1472 721 sed
1510 678 1597 730 pet

318 748 544 803 consules
573 760 770 799 omnem
804 759 906 792 rem
936 738 1090 790 actam
1113 752 1305 804 :neque
1333 746 1598 799 antequam

316 821 524 870 Romam
545 813 796 866 veniretur
817 848 832 869 ,
866 807 949 858 sed
970 809 1133 856 Romae
1149 844 1163 865 ‚
1184 820 1289 853 eam
1318 795 1601 851 multitudi-

320 904 436 942 nem
461 881 832 946 conjuratotum
852 873 912 926 ad
939 891 1067 926 arma
1092 869 1442 925 consternatam
1465 861 1557 914 effe
1584 889 1598 922 ;

322 970 415 1004 nec
439 952 488 1001 in
509 953 570 1000 T.
595 943 796 1010 Quintii
817 940 1012 1002 villam,
1039 939 1119 993 sed
1141 939 1190 987 in
1210 936 1334 987 aedes
1365 938 1428 987 C,
1454 939 1600 983 Man-

321 1021 379 1074 lii
413 1016 557 1071 noste
589 1017 830 1083 impetum
866 1008 1050 1062 factum
1077 1029 1092 1069 3
1124 1021 1338 1072 eumque
1371 1001 1396 1053 ὲ
1426 1000 1604 1067 conju-

325 1086 445 1140 ratis
480 1079 920 1149 comprehensum,
945 1089 1001 1126 ut
1035 1073 1137 1126 dux
1171 1070 1309 1123 fieret
1340 1089 1356 1130 ;
1390 1067 1503 1119 inde
1541 1064 1604 1118 ad

327 1168 561 1224 quartum
592 1147 803 1216 lapidem
829 1141 1078 1213 profestos
1110 1139 1224 1190 loco
1254 1135 1448 1188 munito
1477 1150 1605 1185 con-

327 1217 494 1273 sediffe
515 1237 527 1269 ε
546 1234 635 1268 nec
662 1215 718 1265 ab
750 1211 962 1266 ducibus
992 1207 1295 1258 mentionem
1326 1200 1606 1254 concordiae

329 1304 492 1340 ortam
526 1322 542 1345 ,
584 1283 665 1337 sed
704 1277 935 1348 repente,
965 1293 1119 1345 quum
1156 1273 1206 1325 in
1244 1271 1397 1322 aciem
1435 1267 1607 1321 armati

329 1354 581 1408 exercitus
625 1343 982 1418 proceffiffent‚
1017 1339 1357 1392 salutationem
1397 1334 1607 1398 factam3

328 1426 382 1474 δε
403 1417 656 1492 permistos
687 1415 880 1465 dextras
903 1410 1103 1476 jungere
1121 1447 1137 1469 ‚
1160 1424 1216 1458 ac
1250 1403 1509 1474 complesti
1533 1403 1610 1453 in-

329 1505 406 1542 ter
430 1490 476 1539 se
501 1487 823 1552 lacrymantes
846 1478 1025 1529 milites
1048 1471 1251 1543 coepisse
1272 1496 1287 1534 3
1313 1470 1609 1538 coactosque

333 1554 560 1608 consules
578 1590 594 1613 ‚
624 1567 781 1618 quum
805 1546 1032 1603 viderent
1055 1543 1243 1592 aversos
1271 1541 1296 1590 ἒι
1326 1539 1609 1588 dimicatio-

332 1642 398 1676 ne
419 1622 632 1673 militum
652 1617 838 1671 animos
858 1652 873 1671 ,
903 1607 1114 1668 retulisse
1137 1609 1197 1661 ad
1223 1611 1390 1659 Patres
1412 1604 1472 1655 de
1494 1622 1609 1655 con-

335 1689 508 1745 cordia
542 1680 919 1740 reconcilianda.
951 1678 1074 1747 adeo
1103 1674 1256 1736 nihil,
1289 1676 1611 1741 praeterquam

333 1756 633 1811 seditionem
663 1748 832 1809 fuiffe‚
863 1756 1069 1814 eamque
1108 1740 1457 1810 compositam,
1482 1741 1611 1789 inter

324 1826 572 1887 antiquos
599 1828 761 1870 rerum
791 1815 1013 1866 auctores
1045 1809 1246 1862 constat.
1280 1812 1340 1858 Et
1364 1806 1511 1872 hujus
1536 1805 1613 1856 fa-

338 1911 418 1945 ma
449 1887 699 1940 seditionis
728 1925 740 1947 ‚
778 1886 828 1933 δε
857 1882 1132 1948 susceptum
1168 1894 1282 1927 cum
1316 1872 1615 1925 Samnitibus

339 1975 490 2027 grave
508 1954 695 2007 bellum
721 1990 734 2012 ‚
758 1949 947 2017 aliquot
970 1945 1180 2014 populos
1211 1943 1271 1993 ab
1302 1945 1515 1994 Romana
1543 1940 1616 1990 so·-

339 2028 522 2078 cietate
555 2020 764 2073 avertit:
787 2019 867 2077 &,
891 2029 1060 2083 praeter
1094 2010 1380 2063 Latinorum
1407 2006 1614 2057 infidum

340 2094 439 2163 jam
461 2090 546 2141 diu
569 2087 742 2139 foedus
758 2123 774 2146 ‚
808 2083 1114 2134 Privernates
1133 2077 1281 2130 etiam
1302 2074 1520 2127 Norbam
1543 2087 1617 2126 at-

345 2175 444 2229 que
483 2156 695 2216 Setiam,
725 2151 954 2203 finitimas
988 2145 1206 2198 colonias
1241 2147 1479 2206 Romanas
1496 2178 1513 2204 ‚
1539 2140 1616 2192 in-

346 2223 569 2284 cursione
597 2220 755 2277 subita
783 2215 1066 2288 depopulati
1095 2215 1219 2266 [unt.

933 2478 1029 2540 Μ
