1669 3052
419 142 471 201 L
519 154 542 199 i
590 160 623 199 B
673 154 708 199 Γ.
758 159 794 199 R
882 137 983 199 VI
1002 137 1051 197 Ι.
1263 151 1291 200 1'
1301 162 1334 200 2
1342 157 1380 269 ἶς’

27 270 34 273 .
106 225 234 274 urhis
261 221 561 290 amplitudine
576 257 591 278 ,
619 241 702 271 non
726 223 832 288 agri
848 223 1050 270 ubertate
1067 255 1083 276 ,
1102 218 1266 286 populo
1289 221 1340 269 ul
1363 225 1382 270 i

101 306 404 356 praeterquam
435 291 567 337 vobis
596 291 799 337 cedentes
816 322 833 344 ,
865 289 983 335 haud
1005 301 1160 353 parva
1190 287 1277 351 (ut
1299 305 1380 335 ar—

87 358 251 404 *hitror
270 360 291 417 )
323 355 501 421 acceffio
526 356 653 403 bonis
675 357 808 402 rebus
830 355 994 416 vestris
1008 379 1030 410 ,>
1047 354 1096 402 in
1119 354 1381 401 amicitiam

106 424 319 470 venimus
348 423 558 484 vestram.
589 422 756 485 AEquis
783 417 1067 484 Volscisque,
1089 421 1381 486 aeternisjho-

90 489 248 552 stibus
269 490 397 547 hujus
421 488 579 548 urbis,
605 487 958 552 quandocunque
968 487 1020 548 se
1044 486 1299 542 moverint,
1323 488 1380 534 ab

107 568 236 618 tergo
268 556 436 602 erimus
472 566 487 594 ··
526 551 584 604 (5'
617 585 633 609 ,
674 553 792 615 quod
826 570 909 599 vos
935 568 1019 616 pro
1043 551 1198 615 salute
1236 552 1381 614 nestra

98 622 282 686 priores
313 618 559 683 feceritis,
591 618 642 663 id
680 635 756 664 nos
791 629 875 682 pro
914 618 1103 681 imperio
1139 617 1282 680 vestro
1318 618 1378 671 ὀ

100 684 259 750 gloria
290 686 469 750 semper
503 685 747 747 faciemus.
806 684 1011 731 Sabaitis
1057 685 1121 730 iis
1162 685 1378 749 gentibus

108 768 209 816 quae
239 752 360 798 inter
389 768 467 797 nos
498 750 662 814 vosque
684 750 794 811 sunt
821 782 836 803 ‚
868 750 986 813 quod
1012 752 1272 815 propediem
1289 752 1378 814 fu-

106 832 262 864 turum
282 818 470 883 spondet
500 814 558 866 &⁷
587 816 741 862 virtus
775 813 833 866 θ’
853 816 1046 878 fhrtuna
1074 815 1250 876 vestra,
1274 834 1378 865 con-

106 884 257 931 tinens
279 883 521 949 imperium
543 882 680 945 usque
701 881 759 928 ad
780 898 857 927 nos
879 880 1122 930 habebitis.
1149 884 1376 931 Acerbum

105 968 162 998 ac
195 950 404 1013 miserum
438 947 498 1010 cst
530 982 545 1005 ,
587 947 704 1011 quod
727 947 877 1010 fateri
910 964 987 994 nos
1008 948 1198 1011 fortuna
1233 950 1378 1011 nostra

108 1016 249 1081 cogit.
281 1014 343 1062 Εό
372 1027 556 1061 ventum
580 1014 668 1075 est,
694 1018 852 1060 Patres
891 1014 1141 1079 Conscripti
1163 1050 1178 1072 ,
1216 1030 1267 1063 ut
1297 1029 1379 1063 aut

106 1083 381 1135 amicorum,
407 1094 487 1126 aut
505 1079 798 1126 inimicorum
822 1081 1040 1144 Campani
1048 1080 1209 1144 fimus.
1223 1081 1272 1145 si
1292 1083 1374 1130 de-

92 1147 295 1212 fenditis
311 1181 327 1202 ,
351 1146 491 1208 vestri
514 1167 526 1193 .·
538 1144 584 1210 fi
611 1145 817 1208 deseritis
834 1179 848 1200 ,
880 1147 1150 1193 Samnitium
1184 1147 1374 1200 erimus.

107 1219 308 1279 Capuam
340 1210 477 1277 ergo,
501 1211 559 1263 ὠ·
589 1212 883 1277 Campaniam
915 1228 1086 1260 omnem
1116 1212 1278 1273 vestris
1313 1233 1375 1264 an

105 1279 377 1328 Samnitium
410 1279 594 1326 viribus
625 1278 832 1326 accedere
861 1275 1069 1335 malitis,
1104 1277 1370 1331 deliberate.

106 1341 328 1394 Omnib'us
365 1345 583 1412 quidem,
614 1345 843 1399 Romani,
883 1344 1078 1406 vestram
1116 1347 1370 1409 misericor-

102 1413 228 1460 diam
255 1446 271 1468 ,
311 1412 593 1477 vestrumque
625 1410 850 1460 auxilium
879 1427 1055 1476 aequum
1087 1413 1146 1474 est
1174 1426 1329 1478 patere
1346 1432 1370 1474 ‚0

101 1480 166 1526 iis
199 1493 348 1527 tamen
379 1474 603 1534 maxime,
627 1479 712 1545 qui
744 1494 841 1526 eam
871 1476 1221 1544 implorantibus
1255 1478 1369 1528 aliis

101 1544 328 1593 auxilium
359 1547 464 1593 dum
483 1546 626 1611 supra
653 1545 780 1594 vires
801 1545 912 1609 suas
935 1545 1178 1612 praestant,
1213 1554 1230 1579 ¹
1267 1565 1368 1595 om—

102 1629 179 1659 nes
203 1611 287 1677 ipfi
302 1613 350 1660 in
371 1614 483 1660 hanc
505 1612 799 1678 neceffitatem
824 1627 1060 1662 venerunt.
1090 1617 1369 1678 Quanquam

98 1679 576 1744 pugnavimus-verbo
604 1692 688 1744 pro
719 1679 937 1727 Sidicinis
957 1714 972 1734 ‚
1013 1697 1063 1727 re
1091 1692 1173 1744 pro
1205 1682 1370 1740 nobinJ

102 1761 242 1808 quum
270 1746 529 1794 videremus
551 1745 808 1810 finitimum
836 1744 1054 1811 populum
1086 1747 1258 1810 nefario
1291 1746 1368 1803 ta-

101 1812 299 1859 trocinio
327 1812 597 1860 Samnitium
628 1813 755 1877 peti,
791 1810 850 1863 ὠ
872 1846 888 1867 ,
924 1812 1004 1860 ubi
1039 1811 1370 1880 conflagraffent

102 1878 330 1935 Sidicini,
367 1879 425 1926 ad
449 1895 525 1926 nos
549 1879 841 1937 trajectarum
869 1875 991 1926 illud
1016 1878 1276 1928 incendium
1305 1881 1370 1944 es?-

90 1945 159 2008 se.
189 1950 282 1993 Nec
306 1945 424 1992 enim
448 1963 562 1993 nunc
581 1978 599 2004 5
630 1944 741 2010 quia
773 1942 923 1992 dolent
954 1946 1173 2003 injuriam
1206 1959 1370 2013 accep-

99 2025 197 2058 tam
219 2012 439 2058 Samnites
455 2046 469 2066 ,
491 2012 573 2075 sed
596 2013 707 2077 quia
733 2012 938 2077 gaudent
958 2010 1156 2060 oblatam
1168 2012 1265 2077 fibi
1291 2013 1371 2079 effi?

101 2077 312 2140 caufizm,
343 2090 644 2143 oppugnatum
680 2096 757 2125 nos
790 2079 997 2126 veniunt.
1039 2084 1111 2126 An
1134 2113 1148 2134 ,
1173 2079 1222 2144 fi
1252 2078 1374 2129 ultio

99 2143 182 2192 irae
201 2147 291 2191 haec
302 2178 318 2200 ,
347 2145 405 2196 ὠ*
426 2161 510 2192 non
529 2143 687 2208 occafio
708 2145 977 2210 cupiditatis
1001 2144 1222 2212 explendae
1244 2146 1374 2211 effici,

93 2222 260 2275 parum
277 2211 404 2274 fuit,
429 2209 546 2275 quod
561 2209 704 2274 Jeme!
735 2212 786 2258 in
814 2212 1013 2259 Sidicino
1043 2230 1152 2276 agro
1170 2247 1186 2267 ,
1205 2213 1377 2262 iterum

100 2277 151 2324 in
178 2278 429 2343 Campania
451 2278 547 2342 ipsa
571 2275 770 2343 legiones
797 2278 964 2338 nostras
994 2281 1192 2327 cecidere
1211 2279 1237 2326 ,ἓ
1255 2283 1373 2343 Qua,-

102 2342 163 2403 cst
181 2343 265 2405 ista
287 2359 381 2390 tam
403 2343 560 2406 infesta
582 2345 655 2392 ira
672 2379 686 2402 ,
711 2361 847 2409 quam
863 2357 949 2409 per
971 2345 1082 2392 duas
1107 2346 1228 2394 acies
1236 2346 1374 2409 fusus

90 2409 285 2473 sanguis
314 2407 489 2475 explere
522 2427 606 2457 non
628 2411 830 2477 potuerit
855 2411 882 2458 ἓ
911 2412 1038 2459 Adde
1065 2414 1149 2459 huc
1177 2409 1372 2478 popula-

102 2474 268 2523 tionem
306 2493 518 2541 agrorum
545 2511 560 2531 ,
594 2478 772 2542 praedas
805 2478 1032 2526 hominum
1064 2494 1200 2544 atque
1225 2491 1373 2544 pecu-

104 2541 209 2588 dum
240 2543 367 2590 abias
386 2578 402 2598 ,
424 2544 633 2590 incendia
662 2541 889 2591 villarum
922 2562 975 2592 ac
1009 2546 1198 2603 ruinas,
1221 2545 1374 2594 omnia

159 2629 174 2658 ι
199 2620 329 2662 Omnes
353 2621 449 2678 ipfi]
476 2628 564 2665 Vox
584 2636 705 2664 omnes
734 2621 938 2664 redundat.

1039 2678 1070 2727 F
1105 2674 1154 2741 113·

1404 235 1586 276 U.c.412'.

1397 282 1482 318 a.C.
1502 286 1585 324 3422.
