1680 3110
140 205 330 254 U.c.412.

131 257 212 292 xC

169 1144 296 1181 Tertia
336 1138 434 1190 lam
465 1147 713 1198 commissa
730 1149 796 1199 est

113 1200 232 1238 pugna
246 1207 315 1229 ci-:m

122 1242 291 1278 »hunnici-

119 1286 194 1328 bus.

350 131 478 210 '138

774 134 1262 203 T.L1v11
1615 0 1680 214 1

349 224 428 268 xes
451 213 609 288 quiin
637 214 850 281 praefidio
871 215 1007 270 fimul
1028 218 1223 273 fuerant
1250 263 1265 286 ,
1309 222 1496 293 duplici
1510 223 1621 278 ‘frua
1656 240 1680 292 <4

216 284 226 295 ⁶
243 270 329 305 34⁰·
351 294 519 329 mento
541 296 590 329 in
615 297 907 348 perpetuum
925 323 938 344 ,
971 286 1019 335 in
1040 290 1281 355 praesentia
1302 290 1493 360 fingulis
1528 287 1680 375 bo-{}

348 343 472 405 ἓως,
502 345 724 413 binisque
754 361 774 384 2
815 351 964 418 privis
999 354 1180 404 tunicis
1213 355 1394 408 donati.
1432 361 1617 409 Secun-

343 409 460 459 dum
501 414 710 465 consulis
747 415 1095 482 donationem,
1123 420 1342 489 legiones
1381 434 1398 468 3
1474 425 1622 475 rami·
1676 435 1680 476 ἶ

343 493 484 526 neam
518 495 750 532 coronam
780 484 1156 549 obfidionalem,
1183 489 1394 541 clamore

1461 508 1617 542 Onuln

341 544 698 610 approbantes,
731 553 890 602 Decio
929 553 1204 618 imponunt.
1245 556 1392 607 altera
1434 575 1618 610 corona
1650 584 1680 591 “·

338 609 557 674 ejusdem
582 612 784 666 honoris
808 618 952 669 index
989 621 1015 669 :1
1035 621 1247 688 praesidio
1279 625 1365 674 suo
1397 625 1621 698 impolita-

340 674 422 724 est.
453 678 543 727 His
565 680 825 734 decoratus
847 686 1142 753 insignibus,
1175 688 1356 739 bovem
1381 691 1617 742 eximium

341 744 488 792 Marti
507 746 807 812 immolavit,
837 768 1036 803 centum
1052 753 1204 805 boves
1228 756 1463 807 militibus
1479 759 1614 810 dono

340 806 502 870 dedit,
538 813 622 879 qui
639 816 800 866 secum
818 818 865 869 in
882 819 1194 889 expeditione
1213 821 1418 872 fuerant.
1443 823 1614 875 iisdem

340 873 579 928 militibus
621 879 841 948 legiones
876 885 1022 935 libras
1057 885 1196 937 farris
1232 891 1300 939 ὅτ
1324 899 1350 931 4
1381 891 1614 941 sextarios

340 939 442 990 vini
468 946 814 1000 contulerunt:
835 953 1097 1020 omniaque
1118 972 1171 1004 ea
1191 954 1378 1020 ingenti
1395 956 1616 1008 alacrita-

339 1019 389 1055 te
416 1026 502 1075 per
538 1011 802 1066 clamorem
826 1019 1114 1081 militarem,
1144 1020 1356 1072 indicem
1389 1024 1620 1075 omnium

336 1072 570 1139 affensi‘iS,
603 1082 913 1146 gerebantur.
945 1087 1109 1137 Tertia
1137 1103 1297 1155 pugna
1331 1088 1390 1139 ad
1423 1088 1614 1141 Sueffu-
1640 1125 1643 1128 »

806 1190 822 1213 ,
861 1153 1032 1219 squfi,
1070 1152 1268 1222 fugatus
1304 1154 1329 1204 :i
1361 1159 1429 1208 Μ.
1464 1157 1609 1207 Vale-

338 1207 412 1258 rio
449 1213 738 1265 Samnitium
769 1220 1041 1280 exercituS,
1070 1221 1203 1270 omni
1230 1221 1408 1272 robore
1436 1222 1610 1289 juven-

337 1274 458 1326 tutis
481 1275 631 1329 domo
650 1282 811 1333 accito
826 1322 841 1344 ,
877 1286 1140 1338 certamine
1159 1287 1337 1338 ultimo
1358 1287 1609 1341 fortunam
1678 1329 1680 1331 ·

335 1342 544 1409 experiri
561 1341 740 1398 stat'uit.
782 1349 858 1400 Ab
882 1350 1095 1403 Sueffula
1116 1353 1283 1404 nuncii
1305 1355 1485 1423 trepidi
1512 1359 1612 1408 Ca-

333 1425 479 1468 puam
494 1449 508 1473 ,
552 1411 662 1463 inde
685 1415 878 1483 equites
903 1417 1036 1469 citati
1061 1418 1121 1471 ad
1147 1419 1399 1472 Valerium
1430 1425 1608 1476 consu-

327 1469 427 1525 lem
442 1492 465 1537 ‚⁷
492 1493 638 1547 opem
673 1497 868 1534 oratum
905 1485 1128 1537 veniunt.
1162 1486 1436 1539 Confestim
1475 1489 1605 1559 signa
1676 1495 1680 1499 ’

329 1556 489 1593 mota:
523 1545 799 1617 relistisque
816 1550 1176 1620 impedimentis
1196 1553 1461 1607 castrorum
1479 1557 1609 1609 vali-

328 1605 395 1658 do
417 1610 629 1677 praefidio
646 1650 662 1672 ,
697 1617 871 1685 raptim
894 1617 1053 1687 agitur
1075 1635 1245 1688 agmen
1267 1641 1279 1672 :
1314 1637 1406 1673 nec
1429 1624 1605 1691 procul

386 1727 406 1753 2
443 1718 571 1758 Privis
603 1723 773 1774 tunicis]
812 1725 937 1765 Potest

329 1772 468 1822 exponi
497 1787 506 1811 ε
536 1786 620 1826 quae
651 1776 726 1815 suae
754 1779 937 1832 cujusque

328 1833 374 1860 ac
394 1828 562 1877 propriae
581 1826 723 1868 forent.
752 1834 810 1871 Sic
835 1836 934 1872 Hor.

327 1877 396 1927 Ep.
421 1888 455 1916 1.
475 1878 502 1917 l.
525 1884 554 1918 Ι.
586 1881 714 1936 Qem
734 1883 837 1923 ducit
885 1887 936 1924 ri-

327 1941 383 1966 va
409 1932 586 1972 triremis.
612 1935 679 1975 Sed
708 1949 828 1988 quum
866 1953 936 1979 iaec

327 1993 406 2020 vox
439 1983 646 2028 necessaria
675 2003 755 2028 non
784 1990 829 2030 fit
858 1993 936 2032 hoc

323 2033 418 2075 loco
435 2067 446 2085 ,
473 2052 636 2094 eamque
653 2046 840 2083 omittant
857 2046 932 2085 ali-

325 2101 424 2140 quot
463 2092 556 2132 libri
583 2124 595 2143 ,
634 2109 722 2136 eam
766 2098 933 2140 libenter

325 2141 554 2186 deleremus.

387 2209 401 2245 3
428 2199 670 2240 Gramineam
684 2216 851 2246 coronam
865 2206 930 2245 ob-

313 2248 565 2304 fidionalem]
589 2254 840 2305 Obfidionalis
864 2274 931 2300 co-

323 2317 425 2343 rona.
461 2306 508 2358 est
528 2338 539 2355 ‚
573 2311 701 2361 inquit
737 2316 786 2351 A.
828 2314 929 2353 Gell.

323 2357 355 2397 l.
385 2363 434 2397 V.
461 2373 495 2397 c.
522 2368 558 2398 6.
588 2377 700 2416 quam
728 2367 759 2404 ii
788 2368 854 2421 qui
879 2366 929 2405 li·

323 2409 539 2464 beratifimt
552 2415 599 2453 ab
614 2415 793 2465 obfidione
807 2449 817 2467 ‚
836 2419 933 2459 dant

322 2464 359 2502 ei
379 2462 466 2504 duci
484 2469 551 2520 qui
566 2467 762 2511 liberavit.
793 2475 852 2512 Ea
871 2488 927 2512 co·-

321 2529 411 2555 rona
435 2521 627 2570 graminea
660 2523 706 2575 est
726 2540 738 2563 .·
758 2524 928 2578 observa-

320 2570 426 2621 rique
437 2570 587 2623 solitum
607 2602 617 2620 ,
635 2587 677 2614 ut
689 2577 793 2625 fieret
813 2579 930 2632 &gra-

321 2635 419 2666 mme
430 2650 442 2670 ,
461 2627 560 2682 quod
572 2629 610 2668 in
628 2643 666 2668 eo
687 2629 760 2671 loco
775 2646 927 2686 genera-

991 1737 1070 1767 tum
1095 1725 1202 1781 effet,
1231 1727 1333 1768 intra
1359 1744 1465 1785 quem
1489 1730 1605 1784 claufi

989 1790 1095 1819 erant
1124 1781 1191 1836 qui
1219 1780 1481 1833 obsidebantur.
1512 1787 1600 1827 Ob·
1654 1827 1659 1835 J

990 1833 1117 1873 servat
1145 1833 1243 1873 Plin.
1277 1835 1304 1874 l.
1338 1841 1465 1877 XXII.
1495 1853 1529 1879 c.
1558 1854 1604 1890 4..

990 1899 1134 1927 ceteras
1162 1901 1328 1928 coronas
1354 1890 1405 1929 ab
1431 1893 1600 1945 impera-
1658 1938 1674 1949 .

990 1952 1075 1980 tore
1098 1941 1290 1981 militibus
1321 1943 1405 1982 dari
1434 1945 1567 1985 solitas
1586 1975 1600 1996 ,

993 1994 1092 2034 hanc
1114 1995 1241 2034 solam
1260 1995 1283 2034 εὶ
1303 1997 1496 2039 militibus
1518 2003 1597 2040 im·

988 2050 1176 2100 peratori.

1042 2115 1068 2149 4
1091 2101 1285 2140 Sextarios
1306 2104 1393 2141 vini
1410 2111 1426 2155 ]
1454 2107 1595 2146 Sexta-

987 2154 1066 2193 r—ius
1095 2154 1147 2193 est
1176 2155 1279 2194 sexta
1311 2170 1399 2208 pars
1431 2163 1598 2212 congii,

984 2207 1224 2260 proindeque
1275 2211 1453 2262 capiebat
1509 2214 1595 2265 plus

985 2260 1176 2300 sexdecim
1193 2264 1274 2300 vini
1293 2268 1436 2303 uncias.
1461 2268 1596 2319 Itaque

983 2315 1134 2367 superat
1191 2329 1277 2354 eam
1332 2319 1554 2362 mensutam
1578 2350 1593 2371 ‚

983 2381 1104 2421 quam
1122 2383 1311 2408 vocamus
1332 2372 1496 2425 chopine.

1037 2434 1052 2467 5
1100 2422 1201 2479 Qu?
1229 2455 1238 2470 ,
1271 2422 1458 2476 fugatus]
1502 2428 1592 2474 Qua

983 2474 1183 2514 fortunam
1211 2481 1374 2528 experiri
1402 2478 1532 2520 statuit
1558 2487 1590 2522 is

982 2533 1168 2569 exercitus
1189 2533 1421 2571 Samnitium
1443 2563 1454 2582 ‚
1484 2538 1549 2588 qui
1568 2537 1591 2576 εὶ

983 2586 1042 2621 M.
1088 2583 1249 2623 Valerio
1291 2585 1396 2639 prius
1437 2587 1590 2644 fugatus

984 2635 1121 2678 fueram
