1680 3110
338 100 466 164 '168
745 100 818 160 T.
907 101 960 160 L
1009 119 1124 162 ιν
1172 123 1194 162 1
1250 124 1277 163 1

130 209 317 251 unffi,
336 193 394 227 v³0
413 186 463 235 in
485 181 689 250 finguias
710 181 930 249 legiones
954 174 1184 235 trecenis.
1212 194 1258 226 31
1284 182 1490 235 alterum
1513 197 1610 233 tau-

126 260 315 301 a.c.337.
338 266 446 302 tum
484 268 543 300 ex
588 249 760 299 Latino
794 247 990 300 delectu
1028 249 1348 314 adjiciebatur
1377 288 1391 311 ,
1435 250 1522 317 qui
1555 248 1615 299 est

125 304 241 385 mff}
256 315 320 384 '2¹21-
338 317 622 387 tempestate
658 315 821 366 hostes
857 330 997 366 erant
1030 317 1259 367 Romanis
1280 357 1297 380 ,
1335 315 1611 383 eodemque

119 400 261 444 piarum
281 399 316 432 in
334 378 508 435 ordine
547 382 870 433 instruxerant
907 382 1063 433 aciem
1097 401 1110 434 ε

1146 400 1237 433 nec
1276 383 1454 436 vexilla
1491 398 1610 432 cum

124 447 290 481 ‘²²⁷'fissi-
332 450 525 502 vexillis
549 448 738 500 tantum
754 489 769 511 ‚
793 449 1001 500 universi
1024 449 1208 500 Hastati
1235 467 1350 501 cum
1369 449 1609 511 Hastatis,

121 493 194 534 bus.

327 518 586 586 Principes
613 535 727 568 cum
751 516 1061 587 Principibus
1080 540 1095 579 3
1116 517 1197 567 sed
1229 517 1458 567 centurio
1486 533 1609 583 quo-

326 601 426 652 que
463 601 579 635 cum
613 583 904 635 centurione
935 623 951 645 ‚
987 582 1020 633 fi
1056 584 1253 634 ordines
1291 583 1474 634 'turbati
1507 599 1607 633 non

325 650 501 713 effenr,
517 651 917 702 concurrendum
939 649 1023 701 fibi
1047 649 1138 700 effe
1161 649 1356 702 sciebat.
1379 654 1497 702 Duo
1514 650 1610 719 pri-

324 717 485 789 mipili
517 735 578 768 ex
615 734 826 786 utraque
868 716 973 767 acie
1011 717 1139 767 inter
1174 718 1391 768 Triarios
1429 730 1568 768 erant
1591 733 1608 767 ε

324 788 578 838 Romanus
595 826 607 844 ,
625 802 832 854 corpore
853 783 1234 853 haudquaquam
1253 785 1362 835 satis
1385 783 1577 836 validus
1589 821 1608 846 ‚

325 852 549 904 ceterum
570 852 792 903 strenuus
823 852 899 902 vir
928 852 1212 920 peritusque
1236 850 1414 902 militiae
1436 875 1451 913 3
1473 851 1610 902 Lati-

325 936 419 972 nus
440 959 454 981 ‚
482 920 671 972 viribus
699 920 870 986 ingens
892 956 905 978 ,
937 918 1247 987 bellatorque
1277 918 1461 987 primus
1485 936 1496 968 t
1520 936 1612 969 no-

326 987 499 1053 tifflmi*
521 989 647 1043 inter
671 987 748 1048 se,
769 987 885 1104 Ἓὶει
914 985 1097 1054 semper
1127 1003 1265 1053 pares
1289 985 1486 1036 ordines
1516 984 1610 1036 du·-

324 1069 514 1107 xerant.
548 1058 769 1105 Romano
834 1052 927 1104 aud
955 1054 1066 1103 satis
1101 1052 1272 1103 fidenti
1302 1051 1491 1104 viribus
1513 1051 1608 1116 jam

318 1124 489 1173 Romae
524 1119 803 1192 permissum
842 1134 945 1170 erat
981 1119 1041 1170 ab
1076 1119 1389 1180 consulibus,
1413 1134 1469 1170 ut
1499 1119 1609 1170 sub-

325 1190 672 1240 centurionem
707 1187 792 1238 fibi
818 1225 832 1248 ,
862 1204 1011 1255 quem
1045 1185 1196 1236 vellet
1217 1225 1233 1248 ,
1265 1185 1451 1253 legeret
1472 1225 1487 1247 ,
1518 1184 1610 1254 qui

324 1270 572 1318 tutaretur
612 1274 725 1307 eum
760 1255 818 1305 ab
857 1270 959 1305 uno
996 1252 1233 1308 destinato
1272 1251 1607 1320 hostezisque

318 1324 520 1391 juxienis
547 1324 602 1379 in,
627 1319 956 1384 acieoblatus
979 1359 993 1381 ‚
1016 1337 1075 1370 ex
1109 1319 1401 1370 centurione
1428 1321 1606 1370 Latino

51 1450 56 1454 ἡ
163 1407 283 1454 Pugna
323 1391 581 1444 vi&oria1n
604 1389 733 1440 tulit.
768 1390 1048 1455 Pugnatum
1079 1385 1146 1436 est
1174 1386 1306 1439 haud
1327 1385 1500 1453 procul
1530 1404 1606 1438 ra-

114 1456 521 1510 Wffli‘dicibus
556 1454 758 1510 Vesuvii
795 1455 1010 1516 montiS,
1047 1452 1144 1523 quei
1178 1454 1256 1507 via
1292 1454 1353 1506 ad
1385 1452 1605 1506 Veserim

114 1504 181 1543 πίε.

323 1525 536 1578 ferebat.
969 1550 973 1553 ·

389 1597 483 1644 IX.
523 1592 730 1644 Romani
764 1589 986 1641 consules
1024 1590 1306 1660 priusquam
1337 1586 1607 1640 educerent

320 1661 373 1712 in
405 1661 562 1713 aciem
582 1699 597 1722 ,
637 1658 1029 1723 immolaverunt.
1060 1659 1221 1709 Decio
1255 1667 1270 1692 1
1310 1670 1458 1725 caput
1487 1655 1605 1722 jeci-

991 1764 1048 1790 ter
1071 1755 1256 1792 exercitus
1279 1754 1403 1805 priori
1425 1750 1599 1804 aequalis.
1622 1742 1629 1743 ἶ

321 1758 516 1809 Principes
557 1766 674 1803 1240.
714 1754 756 1791 in
791 1752 933 1800 tertia,

993 1810 1048 1845 Ut
1084 1804 1305 1859 plurimum
1342 1818 1512 1859 quatuor
1545 1806 1603 1844 le-

321 1813 504 1850 Triarios·
516 1817 608 1846 620.
635 1808 826 1847 Rotarios
844 1807 938 1844 toti-

322 1865 411 1903 dem
426 1893 438 1913 ,
460 1864 702 1915 totidemque
728 1859 932 1900 Accensos.

322 1923 369 1959 In
405 1918 630 1957 universum
664 1915 795 1954 omnis
831 1913 936 1965 legio

323 1974 397 2011 erit
410 1973 583 2024 peditum
596 1983 642 2019 43
652 1982 717 2018 40.
733 1973 866 2020 Itaque
883 1967 937 2006 le·

324 2029 496 2078 gendum
514 2025 579 2064 hic
595 2024 788 2079 quaternis
808 2020 935 2079 milli-

324 2081 395 2118 bus
410 2109 421 2128 ,
442 2093 525 2119 non
537 2084 681 2133 qumis,
706 2079 750 2116 Et
769 2074 856 2114 sane
876 2075 936 2114 his

323 2134 566 2186 temporibus
592 2160 604 2180 ‚
642 2143 686 2171 ac
719 2128 784 2167 diu
816 2131 936 2167 etiam

321 2187 453 2241 postea
472 2217 484 2236 ‚
506 2186 610 2239 legio
632 2195 836 2236 nunquam
855 2195 936 2222 non

320 2241 402 2281 fere
419 2242 614 2294 quaternis
633 2237 809 2276 nullibus
825 2236 936 2288 pedi·

323 2308 409 2334 turn
428 2296 615 2334 censetur.
646 2289 829 2343 Exempla
846 2291 935 2343 pas·

320 2347 395 2389 fim
418 2351 637 2401 suppetunt.

382 2416 428 2450 30
467 2406 517 2441 In
539 2399 707 2455 fingulas
740 2400 932 2452 legiones]

320 2461 467 2496 Parum
491 2455 557 2497 hic
583 2450 791 2494 necessaria
822 2453 930 2492 vide-

320 2524 384 2551 tur
405 2523 482 2550 vox
501 2509 658 2561 legiones
676 2535 688 2554 ‚
717 2520 758 2547 ut
782 2520 866 2560 quae
891 2509 932 2546 in

313 2566 515 2616 superiore
540 2561 650 2601 versu
677 2564 903 2614 reperiatur.

375 2629 416 2667 3¹
447 2616 630 2663 Alterum
650 2621 830 2666 tamum]
860 2608 931 2654 A(-

991 1862 1174 1912 gionibus
1204 1864 1397 1900 Romanis
1426 1871 1497 1911 par
1527 1871 1600 1897 nu·

991 1927 1120 1953 merus
1153 1914 1329 1966 peditum
1371 1913 1390 1953 ὲ
1430 1915 1602 1959 Latinis,

989 1967 1131 2020 duplex
1168 1971 1344 2020 equitum
1385 1966 1600 2019 adjicieba-
1631 1994 1633 1997 ι

990 2033 1067 2060 tur.

1045 2085 1059 2112 1
1105 2078 1225 2130 Caput
1252 2074 1457 2125 jecinoris]
1494 2072 1600 2121 Quid

991 2129 1031 2166 in
1051 2131 1222 2181 jecinore
1244 2138 1352 2181 caput
1374 2127 1598 2180 appellave-

990 2184 1069 2221 rint
1080 2211 1092 2231 ,
1111 2183 1215 2223 haud
1230 2183 1319 2221 satis
1330 2181 1493 2222 constat.
1511 2186 1601 2220 For-

991 2233 1085 2276 tasse
1107 2238 1304 2279 summam
1324 2239 1404 2288 ejus
1419 2247 1569 2287 partem
1584 2263 1598 2283 ,

988 2303 1076 2342 quae
1102 2293 1143 2329 ὃς
1165 2303 1338 2329 convexa
1360 2287 1412 2328 est
1425 2317 1437 2336 ‚
1465 2291 1504 2328 &
1525 2301 1598 2327 an-

988 2343 1136 2396 gustior
1169 2342 1319 2396 infirmi.
1358 2347 1598 2395 Quanquam

988 2400 1054 2437 vix
1087 2398 1320 2450 intelligitur
1348 2426 1360 2445 ,
1393 2395 1598 2449 quomodo

988 2452 1070 2490 haec
1120 2465 1182 2490 ars
1205 2453 1373 2504 potuerit
1401 2450 1599 2490 interdum

986 2505 1076 2544 abel
1095 2520 1114 2544 e
1132 2534 1144 2554 ‚
1175 2505 1280 2557 qr'l'od
1311 2504 1357 2544 de
1385 2507 1511 2556 capite
1538 2506 1595 2555 je-

985 2562 1130 2598 cinoris
1161 2559 1267 2600 haud
1306 2557 1400 2601 rar&
1434 2568 1597 2598 narrant

985 2614 1202 2665 scriptores.

1463 2659 1598 2712 nori-s
