1680 3110
96 244 183 281 ἃς.
201 243 283 289 387-
308 233 460 297 igitur
481 235 593 297 fient
622 239 729 304 ausp

89 300 129 328 a.
137 293 181 328 C.

311 165 395 228 70

695 154 774 217 T.
860 156 1180 230 L1v11

732 257 828 289 icta
850 276 866 297 ,
910 261 1030 300 mone
1070 258 1290 309 majorum
1321 253 1347 303 ,Ρ
1379 263 1581 327 Nempe,

198 300 282 337 3⁶5·
296 312 438 365 penes
473 308 651 352 Patres.
687 323 793 355 nam
829 306 1040 374 plebeius
1076 319 1259 381 quidem
1289 327 1592 389 magistratu}
1657 330 1676 371 ’ἶ

303 364 461 413 nullus
488 369 718 435 auspicata
744 390 941 425 creatur.
977 382 1123 430 Nobis
1151 386 1260 434 adeo
1271 393 1461 456 propria
1467 394 1581 455 fient

302 433 508 498 auspicia
524 469 540 490 ,
562 451 613 484 ut
638 455 724 487 non
744 439 898 504 fhlitm
920 461 1033 510 quos
1051 449 1248 517 populus
1276 472 1402 504 creat
1423 462 1578 524 patri-

301 500 396 546 cios
413 501 706 566 magistratus
720 540 738 564 ‚
757 525 842 555 non
858 508 998 561 aliter
1019 519 1157 580 quam
1174 520 1403 586 auspicata
1421 543 1540 574 creec
1553 544 1576 586 ;

289 565 376 642 jeci
403 583 481 614 nos
503 586 678 635 quoque
704 573 899 641 ipfifine
915 580 1136 647 suffragio
1156 586 1322 653 populi
1345 592 1575 657 auspicata

299 647 575 699 inter-regem
610 641 856 703 prodamus
885 679 902 700 ,

1042 655 1068 688 4
1100 654 1334 716 privatim
1370 660 1574 725 auspicia

298 699 570 758 habeamus,
597 720 695 768 quae
730 708 807 769 illi
839 727 894 757 ne
925 712 975 759 in
1009 718 1353 781 magistratibus
1384 727 1572 790 quidem

296 766 474 816 habent.
503 771 675 833 Quidi
708 773 804 823 itur
830 773 961 825 aliud
977 782 1122 893 lquam
1149 783 1278 835 tollit
1301 805 1352 837 ex
1372 793 1572 844 civitate
1622 817 1625 819 >

290 833 517 897 auspicia,
535 838 620 901 qui
629 850 661 904 p
687 840 829 889 ebeios
845 845 973 907 confit

998 864 1043 896 es
1060 853 1264 909 creando,
1281 854 1308 902 ιὶ
1323 860 1539 909 Patribus
1551 895 1569 918 ,

292 900 382 963 qui
398 898 493 963 soli
522 919 573 950 ea
599 906 759 955 habere
785 909 986 974 postiam,
1012 916 1162 979 aufert
1180 919 1205 966 ,ἓ
1222 919 1426 972 Eludant
1452 944 1570 977 nunc

295 964 408 1014 licet
441 966 704 1035 religiones.
744 977 875 1038 Quid
907 980 1026 1028 enim
1059 983 1118 1045 eli
1148 1020 1164 1043 ,

289 1033 530 1097 pascentur
553 1036 577 1084 ,Ρ
609 1056 623 1085 z
652 1056 703 1086 ex
727 1058 869 1090 cavea
898 1048 1080 1096 tardius
1110 1052 1302 1102 exierint
1324 1056 1348 1104 ,2
1372 1057 1395 1091 ⁶
1416 1059 1466 1124 si
1494 1079 1567 1110 οε·-

1207 993 1230 1026 5
1249 987 1299 1052 fi
1324 989 1452 1054 pulli
1483 1012 1570 1045 non

291 1102 492 1148 cinuerit
529 1105 636 1152 avis
670 1105 694 1153 ?
720 1111 874 1157 Parva
894 1112 1006 1173 sum
1038 1116 1129 1163 haec
1151 1138 1166 1166 .·
1181 1120 1266 1182 ft’d
1297 1134 1450 1187 parva
1481 1129 1567 1191 ista

290 1183 376 1213 non
411 1173 750 1229 contemnendO,
781 1181 971 1234 majores
1005 1182 1142 1240 nostri
1174 1189 1419 1238 maximam
1450 1195 1565 1243 hanc

288 1249 384 1280 rem
395 1235 623 1297 fecerunt.
658 1246 792 1288 Nunc
812 1260 917 1300 nos,
942 1260 1161 1313 tanquam
1180 1258 1281 1310 jam
1306 1257 1426 1305 nihil
1447 1273 1563 1326 pace

286 1299 470 1349 deorum
509 1316 615 1369 opus
638 1304 705 1370 sit
735 1341 752 1363 ,

796 1327 944 1359 omnes
978 1318 1258 1368 carimonias
1290 1321 1564 1387 polluimus.
1628 1348 1640 1357 ²

285 1364 434 1433 Vulgb
469 1386 573 1436 ergo
600 1374 868 1439 pontifices,
894 1397 1089 1445 augures
1107 1419 1123 1441 ,
1143 1387 1403 1454 sacrificuli
1431 1411 1561 1460 reges

289 1449 496 1482 creentur
525 1458 541 1484 .-
580 1438 774 1489 cuilibet
802 1450 825 1483 7
859 1447 1034 1512 apicem
1067 1451 1292 1511 Dialem,
1323 1458 1556 1510 dummodo

287 1500 410 1548 homo
429 1501 526 1566 fit,
555 1505 836 1572 imponamus
870 1533 884 1558 :
919 1516 1154 1565 tradamus
1186 1521 1394 1580 ancilia,
1421 1540 1560 1592 pene-

285 1566 430 1615 tralia
455 1604 471 1627 ,
500 1571 601 1619 deos
629 1574 899 1642 deorumque
927 1599 1113 1639 curam,
1137 1588 1305 1650 quibus
1331 1593 1456 1654 nefas
1479 1596 1558 1658 est.

284 1650 370 1681 non
415 1633 538 1702 leges
578 1641 804 1706 auspicata
841 1646 1056 1707 serantur
1081 1685 1097 1706 ,
1137 1669 1222 1701 non
1261 1659 1555 1722 magistratus

282 1717 523 1751 creentur:
544 1722 624 1754 nec
661 1711 932 1761 centuriatis
963 1749 978 1770 ,
1012 1733 1092 1765 nec
1124 1722 1320 1771 curiatis
1352 1728 1554 1778 comitiis

332 1861 359 1896 4
387 1849 603 1903 Privatim]
633 1855 824 1893 Privatim
843 1859 885 1896 &

273 1900 420 1956 publice
444 1918 693 1958 opponuntur
711 1925 722 1956 3
741 1921 781 1948 at
799 1922 883 1950 non

273 1956 460 2009 privatim
480 1988 489 2003 ,
518 1961 558 1998 in
593 1961 882 2014 magistratibus.

277 2008 446 2049 Fortasse
480 2011 688 2064 legendum
725 2014 777 2054 est
811 2019 883 2073 pri·

271 2073 372 2101 van.

330 2128 345 2159 ς
377 2118 420 2155 Si
443 2118 539 2172 pulli
565 2136 637 2161 non
662 2120 881 2176 pascentur]

275 2171 333 2207 De
355 2172 559 2223 auspicio,
591 2175 698 2227 quod
737 2175 757 2215 ὲ
792 2178 880 2229 pul-

271 2222 320 2260 h's
359 2224 583 2275 gallinaceis
621 2241 776 2281 captate
815 2232 879 2269 so-

269 2274 406 2316 lebant
436 2283 638 2330 Romani,
665 2283 746 2323 vid.
776 2283 881 2325 infra

270 2332 321 2367 X.
350 2343 416 2378 40.

325 2391 347 2419 6
383 2385 428 2423 Si
459 2386 653 2426 occinuerit
690 2390 815 2440 avis]
850 2394 876 2430 E

265 2448 384 2475 cantu
407 2451 561 2492 quoque
581 2444 714 2481 avium
742 2447 876 2484 omina

266 2488 338 2527 fibi
365 2490 453 2531 laeta
481 2493 650 2534 tristiave
678 2494 876 2549 fingebant

264 2545 455 2584 Romani.
477 2547 566 2586 Vid.
588 2548 766 2588 nostrum
784 2551 874 2591 loco

263 2597 390 2638 mod&
422 2612 645 2640 memorato
665 2632 678 2651 ‚
710 2606 750 2642 &
781 2606 873 2644 Val.

267 2651 373 2688 Max:
396 2651 422 2690 1.
447 2658 476 2693 Ι,
507 2669 542 2696 c.
560 2669 601 2703 4.
626 2659 727 2698 Aves
744 2685 757 2706 ‚
784 2671 873 2710 quae

939 1873 1055 1901 cantu
1080 1865 1249 1918 auspicia
1270 1867 1416 1911 dabant
1430 1901 1443 1921 ,
1463 1874 1552 1925 osci-

938 1927 1002 1952 nes
1028 1915 1258 1959 dicebantur
1274 1951 1286 1970 ‚
1314 1925 1446 1976 quales
1463 1941 1551 1969 cor-

937 1979 1006 2007 vus
1019 1997 1033 2018 ,
1060 1977 1198 2011 cornix
1215 2003 1228 2022 ‚
1259 1980 1414 2018 noema.

987 2087 1012 2120 7
1035 2077 1196 2131 „Apicem
1223 2082 1408 2135 Dialem]
1437 2089 1545 2139 Apex

935 2130 1092 2182 proprie
1117 2132 1319 2175 dicebatur
1334 2166 1347 2185 ‚
1371 2142 1411 2177 in
1437 2142 1543 2179 sum·

934 2194 1005 2220 mo
1037 2181 1208 2225 flaminis
1240 2189 1345 2240 pileo
1378 2195 1489 2246 virga
1522 2196 1543 2234 ἐ

933 2233 1039 2275 felici
1065 2239 1231 2288 arbore,
1256 2242 1370 2282 laneo
1393 2245 1463 2285 filo
1486 2261 1544 2287 re-

935 2287 1056 2341 ligata
1078 2307 1090 2339 3
1117 2294 1223 2345 quod
1249 2298 1404 2348 quidem
1426 2299 1542 2341 filum

931 2342 1118 2396 apiculum
1143 2349 1374 2392 vocabatur.
1414 2358 1539 2394 Inter·

932 2394 1026 2435 dum
1053 2410 1185 2439 tamen
1204 2430 1215 2450 ,
1245 2416 1286 2442 ut
1313 2406 1389 2445 hoc
1418 2406 1538 2457 Ιοεο,

930 2453 1055 2503 Apex
1077 2453 1242 2493 sumitur
1266 2471 1339 2509 pro
1365 2461 1447 2511 ipso
1474 2465 1535 2513 pi-

930 2502 1007 2541 leo.
1039 2512 1161 2560 Apex
1186 2521 1316 2549 autem
1346 2512 1466 2552 dietus
1483 2515 1536 2554 est

928 2556 979 2593 ab
1006 2571 1052 2595 eo
1076 2558 1183 2612 qubd
1210 2567 1538 2618 comprehendere

928 2610 1090 2700 {ine-ulo
1117 2616 1270 2669 antiqui
1297 2612 1404 2676 cipere
1437 2621 1538 2669 dse-

956 2676 1035 2703 ant.
