1680 3110
1659 240 1662 243 -
1636 0 1677 207 „Ufimfi

305 139 388 204 '68
697 147 1188 221 T.L1v11

84 227 270 272 tte-387.
306 240 465 273 centur
482 260 498 282 ,
526 229 724 294 adverfis
758 237 1040 301 accipietis?
1063 249 1126 291 At
1151 245 1356 303 hercule,
1383 245 1406 281 ⁶
1424 249 1575 312 sermo

81 276 272 321 ³·C·365·
303 292 364 353 est
402 291 590 339 minime
630 296 811 348 civilis.
854 306 984 366 ,Quid
1015 306 1040 353 ,Ρ
1073 312 1249 375 rogatio
1287 312 1443 379 qualis
1481 314 1570 378 est,
1648 328 1677 350 *⁴

301 374 440 421 quam
464 360 491 404 a
513 360 645 407 vobis
667 366 955 430 antiquatam
983 372 1281 440 indignantur
1296 381 1322 428 ,ἓ
1338 383 1568 439 Sermoni,
1669 361 1678 416 3

299 424 514 486 ¹Quirites
530 425 820 490 ,fimillima.
858 437 1095 499 Confieles,
1131 441 1315 508 inquit,
1349 465 1454 512 rogo
1472 482 1487 503 ‚
1515 463 1570 496 ne

299 490 466 545 vobis,
497 508 607 554 quos
631 493 827 552 veliiis,
842 502 1000 564 facere
1031 505 1185 557 liceat.
1222 516 1293 558 An
1324 511 1462 560 aliter
1491 532 1570 561 ro-

292 569 383 618 gat
401 589 418 610 ,
453 557 536 621 qui
566 561 726 625 utique
755 562 950 616 alterum
977 588 1026 619 ex
1047 572 1182 638 plebe
1202 576 1317 641 fieri
1348 577 1569 642 consulem

287 622 420 676 jubet
437 639 457 680 ,·
480 639 558 670 nec
582 626 689 673 duos
708 633 928 693 patricios
953 642 1138 687 creandi
1151 644 1410 707 potestatem
1434 646 1567 693 vobis

288 688 524 750 permittit
557 689 582 736 ἓ
620 695 668 740 Si
695 697 822 745 hodie
853 699 975 748 bella
995 703 1122 767 stnt,
1152 708 1288 771 quale
1329 713 1567 774 Etruscum

277 753 387 815 fuit
400 787 416 808 ,
441 771 579 818 quum
598 761 785 822 Porsena
803 767 1063 817 Ianiculum
1083 774 1247 835 insedit
1262 810 1276 830 ,
1298 776 1434 840 quale
1456 776 1565 826 Gal-

292 815 436 866 licum
461 821 584 869 mod&
602 859 618 878 ,
653 844 791 891 quum
813 844 980 895 praeter
1011 838 1288 904 Capitolium
1317 858 1453 909 atque
1483 862 1565 892 ar—

293 902 389 932 cem
414 889 562 935 omnia
580 892 668 938 luec
689 895 873 956 hostium
895 917 1050 961 erant,
1081 905 1138 956 ὅγ’
1164 906 1439 972 consulatum
1463 929 1564 959 cum
1603 933 1606 936 ’

289 952 370 998 hoc
398 960 467 1002 M.
499 958 632 1003 Furio
662 958 720 1011 θ’
745 962 948 1025 quolibet
974 967 1066 1017 alio
1092 989 1141 1020 ex
1162 975 1376 1022 Patribus
1399 983 1450 1026 L.
1476 975 1563 1027 ille

289 1020 468 1066 Sextius
489 1034 664 1085 peteret
680 1043 701 1085 ,·
712 1027 940 1093 poffetifhe
957 1036 1084 1097 ferre
1112 1042 1309 1088 Sextium
1336 1043 1454 1090 haud
1478 1057 1561 1109 pro

290 1084 425 1132 dubio
459 1087 680 1150 consulem
713 1095 821 1158 effe,
859 1100 1107 1151 Camillum
1133 1106 1186 1153 de
1215 1107 1393 1173 repulsa
1419 1111 1563 1158 dimi-

289 1168 392 1198 care
407 1151 431 1199 ἓ
453 1157 653 1204 Hoccine
681 1160 739 1221 ‘'st
761 1162 810 1208 in
839 1181 1066 1216 commune
1088 1173 1268 1220 honores
1290 1193 1484 1231 vocare,
1509 1192 1563 1224 ut

287 1217 397 1264 duos
426 1217 630 1283 plebeios
640 1224 756 1288 fieri
781 1230 979 1292 consules
1011 1233 1150 1285 liceat
1166 1273 1181 1293 ,
1206 1240 1315 1287 duos
1334 1245 1560 1306 patricios

286 1301 371 1330 non
395 1283 534 1347 liceat
553 1287 579 1335 ,Ρ
602 1288 660 1341 (9⁹
683 1290 878 1343 alterum
901 1299 1098 1366 explebe
1121 1307 1270 1353 creari
1290 1308 1447 1374 neceffi³
1459 1309 1526 1375 fit
1538 1345 1557 1367 ‚

283 1365 527 1416 utrumque
554 1371 605 1402 ex
633 1360 849 1408 Patribus
866 1370 1102 1430 praeterire
1133 1369 1274 1420 liceat
1285 1373 1314 1420 ..Ρ
1334 1378 1558 1438 Quaenam

282 1416 369 1478 istra
393 1418 622 1480 societas,
656 1441 859 1488 quaenam
894 1435 1107 1497 confhrtio
1138 1438 1239 1499 est?
1259 1445 1426 1490 Parum
1462 1443 1554 1505 est,

267 1481 319 1548 si
337 1516 353 1538 ,
390 1489 517 1542 cujus
537 1503 648 1552 pars
677 1506 757 1539 tua
786 1493 916 1545 nulla
948 1502 1092 1548 adhuc
1112 1505 1217 1567 ficit
1244 1539 1260 1559 ‚
1298 1507 1347 1554 in
1373 1520 1556 1573 partem

281 1554 376 1606 ejus
407 1554 540 1599 venis
555 1588 571 1608 ,
592 1555 678 1620 nifi
695 1571 876 1623 partem
899 1569 1088 1630 petendo
1104 1603 1120 1623 ,
1139 1585 1284 1618 totum
1317 1576 1512 1622 traxeris
1528 1576 1554 1623 ,ἓ

279 1616 432 1664 Timeo
451 1652 467 1673 ,
500 1620 685 1685 inquit,
719 1643 803 1681 ne,
827 1627 877 1692 si
898 1633 1005 1680 duos
1033 1632 1194 1683 licebit
1223 1640 1374 1686 creari
1400 1643 1552 1706 patri-

279 1682 373 1728 cios
391 1717 405 1737 ,
430 1688 650 1734 neminem
676 1694 837 1740 creetis
853 1695 1099 1760 plebeium.
1124 1708 1146 1741 7
1169 1704 1300 1766 ⁴Quid
1322 1705 1381 1767 est
1401 1709 1553 1755 dicere

278 1746 438 1804 aliud,
463 1750 575 1816 nist,
604 1757 716 1818 quia
740 1759 952 1825 indignos
978 1765 1129 1828 ‘vestra'
1156 1766 1393 1820 voluntate
1420 1790 1552 1823 crea-

279 1815 378 1862 turi
397 1834 482 1864 non
503 1820 604 1880 estis
619 1856 634 1875 ,
658 1825 952 1891 neceffitatem
973 1833 1106 1881 vobis
1127 1837 1313 1884 creandi
1333 1855 1443 1903 quos
1465 1857 1551 1889 non

280 1879 462 1938 vultis,
489 1886 715 1950 imponam
737 1891 761 1936 ἒ
779 1896 910 1957 Quid
924 1898 1173 1963 sequitur,
1205 1902 1292 1969 nisi
1314 1919 1365 1953 ut
1391 1922 1445 1953 ne
1465 1908 1548 1954 be-

279 1946 489 2010 neficium
511 1954 695 2016 quidem
715 1956 872 2007 debeat
884 1963 1050 2028 populo
1061 2000 1080 2022 ,
1090 1966 1137 2033 fi
1152 1985 1253 2016 cum
1275 1970 1442 2020 duobus
1455 1986 1548 2038 pa-

278 2015 439 2063 ericiis,
457 2035 572 2066 unus
583 2022 779 2084 petierit
790 2024 1000 2090 plebeius
1016 2066 1032 2090 ‚
1054 2031 1111 2085 &¹
1135 2031 1296 2100 legefi’
1308 2070 1325 2093 ,
1345 2055 1430 2085 non
1440 2041 1547 2103 suf-

261 2081 457 2143 fragia,
478 2101 678 2134 creatum
709 2089 877 2140 dicat?

338 2149 466 2199 XLI.
495 2155 725 2218 Quomodo
752 2172 1043 2226 extorqueant
1061 2198 1077 2220 ,
1107 2183 1192 2215 non
1223 2171 1436 2234 quomodo
1457 2184 1542 2239 pez

328 2315 352 2344 6
381 2307 505 2348 Sermo
531 2311 580 2365 esi
602 2315 757 2355 minime
779 2318 877 2359 civi·
979 2336 1003 2365 7
1032 2323 1149 2381 Qid
1177 2326 1225 2379 est
1256 2326 1373 2368 dicere
1399 2329 1509 2369 aliud
1524 2356 1538 2377 ,

270 2356 354 2410 lis]
387 2366 520 2402 Sermo
548 2366 599 2404 est
622 2372 688 2420 qui
712 2374 875 2414 minime}
929 2376 1029 2427 nisi]
1061 2383 1171 2432 Lege.
1215 2380 1332 2436 Qid
1357 2381 1403 2434 est
1430 2383 1542 2423 aliud

271 2413 402 2453 deceat
441 2419 541 2456 cives
561 2448 574 2468 ,
604 2435 797 2464 memores
839 2428 875 2467 se
930 2429 1068 2477 dicere,
1085 2434 1176 2487 quia
1191 2461 1201 2472 .
1217 2462 1226 2473 .
1243 2463 1252 2473 .
1280 2433 1396 2474 Plane:
1416 2448 1456 2474 ut
1473 2438 1534 2476 su-

268 2480 362 2506 cum
378 2470 526 2509 civibus
542 2485 655 2525 agere
669 2506 682 2524 ,
702 2481 768 2529 qui
788 2483 873 2531 pari
926 2481 997 2534 prin
1015 2512 1026 2531 ‚
1060 2486 1136 2524 hoc
1169 2487 1251 2538 ipso
1279 2500 1314 2526 c.
1347 2488 1460 2539 Quid
1488 2489 1537 2542 est

265 2521 352 2571 jure
379 2521 570 2564 libertatis
596 2527 802 2579 fruantur,
833 2536 874 2573 in
926 2535 1034 2574 aliud
1076 2539 1195 2577 dicere
1217 2569 1230 2590 ‚
1265 2540 1366 2594 quod
1405 2551 1535 2594 petunt

268 2585 366 2624 quos
403 2578 566 2618 minime
599 2581 712 2621 liceat
749 2587 873 2638 impc-
926 2587 1026 2638 alii,
1055 2605 1145 2634 nos.
1164 2622 1172 2634 .
1190 2621 1199 2630 ·
1222 2591 1458 2647 fastidimus·

267 2626 372 2666 tioso
391 2641 528 2683 genere
544 2633 732 2676 sermonis
750 2643 818 2678 uti.
