1669 3052
396 129 454 191 'L
500 149 523 192 1
570 152 607 193 B
656 149 694 191 Ε
735 151 779 193 R
863 130 939 191 X.
1185 135 1306 212 383

40 210 214 280 suopte
235 211 432 278 ingenio
452 252 466 273 ‚
501 213 580 265 seu
604 212 782 265 fiducia
811 211 935 267 bene
957 210 1182 280 gerundae
1218 215 1304 263 rei.
1337 227 1530 267 πων,

44 279 128 329 Ab
167 278 341 329 eodem
396 279 575 330 robore
606 280 752 330 animi
790 295 951 346 neque
992 281 1311 330 controverso
1336 273 1531 313 ²·C·²93·

45 344 264 410 auspicio
301 346 520 397 revocari
555 346 579 396 a
607 348 770 413 praelio
804 345 969 412 potuit
993 383 1007 405 ‚
1047 348 1096 395 ἅ*
1131 346 1179 395 in
1207 346 1312 412 ipso

41 409 320 461 discrimine
343 451 357 472 ,
390 431 492 480 quo
517 413 696 478 templa
720 412 811 462 diis
834 411 1191 462 immortalibus
1215 431 1312 463 vo-

45 475 149 541 yeri
172 494 278 527 mos
301 493 403 528 erat
421 517 434 536 ‚
460 493 663 528 voverat
696 476 809 528 Jovi
840 478 1028 527 victori
1053 518 1066 537 ,
1096 478 1126 526 fi
1159 477 1314 545 legio-
1339 512 1352 524 ,

47 559 135 593 nes
159 542 369 594 hostium
397 543 591 594 fudisset
609 582 624 604 ,
664 555 683 578 2
706 542 942 610 pocillum
963 544 1095 593 mulfi
1118 584 1128 603 ‚
1164 546 1317 612 prius-
1369 555 1530 590 Pocillum

40 626 192 675 >quam
210 626 448 660 temetum
465 610 780 668 biberet,sese
806 608 1057 659 faeturum.
1078 610 1126 660 id
1144 626 1317 661 votum
1342 602 1436 644 ”wlff
1463 616 1533 658 ‘⁰⁰5'

43 675 141 732 ‚diis
175 676 313 728 cordi
351 676 448 727 fuit
481 694 494 728 ε
524 680 573 728 &
611 675 901 744 auspicia-in
940 675 1127 726 bonum
1157 694 1319 729 verte·
1342 661 1412 686 ’ω
1427 650 1532 693 Jm'

47 756 179 796 runt.

112 812 292 859 XLIII.
325 807 508 860 Eadem
540 806 737 859 fortuna
758 807 815 856 ab
846 807 1000 858 altero
1024 808 1226 859 consule
1261 809 1321 860 ad

46 876 339 926 Cominium
381 875 508 942 gesta
545 893 638 927 res.
690 874 849 923 Prima
886 873 996 924 luce
1038 875 1098 925 ad
1136 877 1322 927 moenia

47 942 278 994 omnibus
301 943 456 1009 copiis
475 941 683 992 admotis
701 978 715 1000 ,
739 941 921 991 corona
940 942 1096 991 cinxit
1123 942 1320 993 urbem:

50 1008 353 1076 subfidiaque
374 1008 507 1058 firma
533 1047 546 1068 ‚
587 1025 646 1057 ne
671 1025 766 1072 qua
786 1007 978 1074 eruptio
1003 1008 1171 1068 fieret,
1207 1027 1327 1075 por-

48 1075 113 1126 tis
136 1075 382 1143 opposuit.
417 1080 522 1125 Jam
541 1074 723 1141 signum
748 1073 944 1122 dantem
969 1091 1079 1124 eum
1114 1074 1325 1124 nuncius

48 1140 80 1193 ὲ
101 1142 290 1210 collega
313 1140 530 1211 trepidus
555 1142 615 1192 de
637 1139 814 1205 viginti
836 1139 1120 1190 cohortium
1146 1139 1328 1190 adven-

51 1223 109 1259 tu
133 1246 150 1268 ‚
187 1213 236 1260 δε
271 1208 329 1258 ab
354 1208 540 1276 impetu
574 1220 787 1257 moratus
825 1205 920 1266 est,
958 1211 1004 1256 δε
1025 1222 1209 1274 partem
1242 1224 1329 1256 coz-

51 1275 241 1345 piarum
279 1291 510 1326 revocare
557 1273 833 1324 instruetam
883 1273 1218 1340 intentamque
1267 1271 1329 1322 ad

47 1341 435 1409 oppugnandum
475 1379 490 1401 ‚
543 1338 726 1406 coegit.
769 1346 827 1387 D.
865 1343 1072 1389 Brutum
1117 1347 1331 1390 Scaevam

49 1407 268 1475 legatum
294 1426 407 1460 cum
443 1405 636 1474 legione
677 1405 826 1472 prima
851 1443 864 1466 ‚
901 1408 950 1455 δε
975 1415 989 1438 ¹
1032 1405 1207 1472 viginti
1247 1423 1334 1454 co-

51 1474 283 1526 hortibus
319 1474 555 1533 alaribus,
578 1473 906 1539 equitatuque
928 1510 942 1531 ,
985 1471 1054 1521 ire
1102 1471 1334 1522 adversus

53 1540 315 1592 subsidium
342 1540 554 1591 hostium
592 1538 717 1600 justit
753 1555 763 1587 :
794 1554 1098 1605 quocunque
1135 1538 1185 1586 in
1215 1537 1333 1587 loco

52 1606 217 1659 fuisset
255 1608 431 1660 obvius
463 1646 476 1668 ,
516 1605 761 1656 obfisteret
794 1621 850 1653 ac
886 1619 1192 1664 moraretur3
1228 1622 1332 1654 ma·-

53 1692 276 1742 numque
296 1716 307 1736 ,
349 1674 381 1724 fi
406 1672 534 1723 forte
557 1672 620 1721 ita
647 1688 721 1721 res
755 1672 978 1739 posceret
999 1707 1014 1727 ,
1050 1669 1332 1720 conferret:

53 1741 210 1795 modo
250 1759 309 1791 ne
348 1741 406 1791 ad
446 1738 737 1789 Cominium
774 1755 838 1787 eae
888 1737 1039 1805 copiae
1079 1737 1329 1789 admoveri
1353 1752 1544 1788 comiatum

55 1807 258 1877 poffent.
288 1810 392 1876 Ipse
415 1806 560 1856 scalas
581 1804 695 1855 ferri
714 1803 772 1853 ad
801 1821 965 1854 muros
990 1804 1048 1853 ab
1072 1803 1206 1854 omni
1226 1823 1330 1871 par-
1353 1801 1544 1836 &Carvi‘ss

52 1890 105 1925 te
126 1875 260 1925 urbis
278 1875 406 1940 juffit
430 1911 444 1933 ,
474 1889 529 1923 ac
553 1870 793 1922 testudine
814 1871 871 1920 ad
893 1886 1056 1938 portas
1094 1871 1329 1921 succeffit.
1353 1858 1499 1896 ‘apum'

14 1993 30 2007 Δ
53 1941 193 1992 fimul
214 1945 263 1991 δε
302 1939 693 2007 refringebantur
724 1953 904 2005 portae,
941 1941 990 1988 8<-
1014 1937 1087 1987 vis
1110 1937 1332 2005 undique

54 2008 108 2060 in
129 2024 295 2058 muros
315 2007 474 2058 fiebat.
507 2005 744 2056 Samnites
763 2043 776 2063 ,
803 2003 924 2054 ficut
946 2043 961 2063 ‚
996 2018 1257 2070 antequam
1282 2005 1333 2054 in

55 2074 208 2126 muris
230 2073 455 2124 viderent
472 2087 683 2123 armatos
700 2109 713 2130 ,
751 2071 859 2120 satis
881 2070 1026 2120 animi
1049 2069 1335 2121 habuerunt

54 2141 116 2194 ad
132 2139 467 2208 prohibendos
497 2138 633 2191 urbis
659 2136 795 2188 aditu
817 2137 977 2198 hostes
997 2176 1012 2200 ‚
1048 2137 1116 2188 ita
1139 2175 1154 2199 ,
1199 2137 1333 2205 post-

113 2303 136 2329 2
168 2289 344 2329 Pocillum
365 2287 471 2338 mulsi
481 2315 492 2325 .
599 2288 664 2340 fa·
721 2299 850 2326 ratum
879 2314 891 2334 ‚
925 2287 1037 2337 potio
1076 2284 1335 2325 laudatiffima

36 2343 231 2394 vaarum]
262 2345 390 2395 Magis
418 2343 584 2393 placeret
607 2342 664 2380 le·
720 2342 822 2393 apud
848 2353 1007 2379 veteres·

56 2411 150 2451 ,gere
166 2428 176 2446 ,
195 2396 325 2452 postlla
341 2394 444 2446 mulsi
455 2395 641 2447 faHurum
657 2421 668 2440 ,

62 2452 195 2503 supple
214 2479 225 2497 ‚
253 2452 360 2489 sacra
382 2465 390 2487 :
409 2449 668 2502 quemadmo-
780 2458 793 2482 1
818 2447 969 2498 Viginti
982 2445 1219 2495 cohortibus]
1246 2445 1334 2485 Ali·
1354 2492 1357 2494 q

60 2504 161 2544 dum
186 2504 287 2556 apud
314 2503 459 2554 Virgil.
488 2502 566 2541 Ecl.
598 2507 669 2540 111.
726 2514 821 2553 quot
853 2502 981 2552 scripti
1012 2500 1158 2539 habent
1182 2499 1302 2537 decem
1320 2514 1335 2536 .-

58 2558 200 2610 ,Quum
219 2557 363 2609 faciam
386 2554 529 2594 vitula.
567 2554 672 2592 Mul·
727 2567 843 2605 atque
880 2556 910 2591 is
944 2566 1126 2593 numerus
1161 2550 1334 2592 sufficere

58 2612 143 2665 sum
164 2610 215 2650 est
233 2613 370 2651 vinum
390 2609 506 2650 melle
523 2621 671 2662 tempe·
726 2608 894 2650 videtur.
