1669 3052
336 121 668 184 INDEX
728 120 1109 187 RERUM.
1247 126 1379 210 485-

159 207 255 253 fiee,
282 209 357 248 111.
387 219 449 255 57.

105 261 380 313 ‘Religionibus
404 259 528 300 dediti
551 259 727 307 Etrusci,
749 264 798 302 V.
820 275 858 303 ι.

108 310 290 366 Religiosi
311 315 392 353 dies
410 341 420 359 ,
440 317 511 353 VI.
540 331 573 354 ι.

109 370 254 408 Remus
273 367 295 405 εὶ
313 368 546 407 Latronibus
566 368 720 420 capitur
741 370 780 407 ὃ(
804 366 971 406 Amulio
994 367 1165 409 traditur
1181 397 1193 417 ‚
1217 374 1247 413 1.
1269 388 1303 423 5.
1327 372 1380 415 ad

160 420 398 472 supplicium
429 423 632 460 Numitori
658 421 813 459 deditur
832 447 846 466 ,
867 421 961 459 ibid.
986 424 1231 464 Aventinum
1257 439 1381 467 mon-

159 484 240 511 tem
262 475 312 512 ad
337 474 659 525 inaugurandum
686 477 793 525 capit
821 488 830 511 :
857 475 893 511 ei
921 474 1044 525 priori
1070 480 1281 530 augurium
1310 487 1383 521 ve-

158 529 218 565 nit
235 557 246 575 ‚
266 528 327 566 sex
354 527 524 565 vultures
540 556 551 574 ,
575 526 667 567 ibici.
688 526 709 564 a
739 527 856 564 frate
883 527 1079 566 occiditur
1098 556 1110 574 ‚
1130 531 1226 570 ibid.

107 583 237 625 Reus,
265 583 328 619 cui
351 579 527 630 capitalis
556 579 634 617 dies
659 580 761 616 dicta
789 579 831 617 fic
852 603 864 623 ,
896 582 934 617 ὃ(
964 581 1010 618 de
1041 595 1122 632 quo
1146 586 1380 635 propediem*

158 631 337 671 futurum
361 633 554 685 judicium
574 662 586 683 ‚
617 633 764 672 indiera
794 632 932 679 causa,
947 646 1031 672 non
1064 635 1177 675 debet
1207 639 1381 687 violati,

160 689 230 725 ΙΙΙ.
257 699 318 733 ¹3.

105 741 190 778 Rex
219 738 482 787 sacrificulus,
504 738 587 789 five-
610 752 676 778 rex
704 739 905 778 sacrorum
925 767 937 786 ‚
967 743 1015 781 ΙΙ.
1046 755 1082 782 2.
1109 745 1178 783 VI.
1210 756 1277 792 4¹·
1305 747 1378 786 IX.

163 804 225 840 34.
244 797 326 846 ejus
346 793 605 833 sacerdotium
626 791 804 831 Pontifici
826 784 1044 847 subjefiium
1065 823 1077 842 ,
1103 799 1151 835 11.
1180 809 1218 836 2.

105 847 229 898 Reges
255 851 372 888 Rom.
398 848 418 886 a
440 860 534 900 pop.
556 847 665 885 eleffi
685 873 697 892 ‚
726 847 883 885 austere
907 849 1056 890 senatu.
1083 850 1175 889 Vid.
1206 850 1377 904 Populus

156 902 197 938 ὅ(
225 905 402 940 Senatus.

105 972 234 986 *-
262 955 384 992 exacti
412 966 458 992 ex
482 952 576 991 urbe
593 981 604 1001 ‚
627 954 658 991 I.
687 964 748 1000 59.

103 1022 237 1034 ——-
264 1009 412 1058 priores
431 1007 528 1044 bene
549 1017 813 1056 regnaverunt
827 1032 839 1052 ,
858 1008 906 1047 11.
930 1022 965 1047 ι.

102 1061 226 1109 Reges
245 1059 279 1098 se
301 1073 383 1099 non
402 1056 602 1112 passurum
618 1061 723 1111 J'urat
747 1070 841 1111 pop.
862 1063 983 1100 Rom.
1008 1061 1056 1100 11.
1081 1076 1126 1103 rr
1142 1065 1372 1114 conjuratio

75 1126 79 1129 ⁴
152 1111 200 1150 de
218 1115 387 1165 Regibus
406 1110 635 1152 revocandis
654 1144 663 1156 ,
687 1124 722 1159 3.
740 1114 893 1165 regibus
911 1125 1076 1165 negatur
1094 1115 1239 1155 reditus
1252 1143 1266 1162 ‚
1286 1132 1298 1154 1
1314 1129 1353 1166 5.

102 1164 231 1204 Rhaeti
257 1166 357 1205 unde
377 1168 572 1217 originem
595 1164 757 1203 trahant
774 1192 787 1211 ‚
812 1170 860 1203 V.
884 1179 945 1213 33.

101 1217 215 1257 Rhea
248 1220 382 1270 Sylvia
411 1220 550 1271 legitur
585 1219 698 1270 virgo
721 1216 885 1257 Vestalis
909 1245 920 1264 ,
957 1220 990 1257 I.
1018 1231 1052 1266 3.
1077 1221 1115 1259 vi
1147 1220 1372 1273 comprefla

150 1283 276 1324 quum
305 1274 512 1326 geminum
546 1283 706 1323 partum
737 1268 940 1316 edidiffet,
958 1283 1162 1324 nuncupat
1197 1278 1371 1313 Martem

150 1337 306 1417 patrenbi
329 1327 488 1365 incertae
511 1324 638 1377 stirpis
655 1355 667 1374 ,
700 1323 795 1364 ibid.
820 1326 952 1365 vinsta
979 1326 1022 1364 in
1049 1327 1268 1366 custodiam
1301 1327 1373 1367 da-

151 1390 215 1416 tut
234 1405 245 1422 ‚
266 1381 280 1416 i
306 1380 360 1419 id.
899 1382 908 1390 ⁹

102 1433 276 1485 Rogatio
301 1431 347 1470 de
375 1431 465 1470 trib.
495 1430 552 1483 pl.
580 1442 662 1469 non
691 1430 804 1470 aliter
831 1430 952 1484 quam
983 1445 1055 1484 per
1089 1431 1276 1486 suffragia
1304 1432 1376 1472 tri·

154 1486 279 1525 buum
304 1485 482 1523 creandis
499 1510 511 1529 ‚
545 1486 620 1523 ΙΙΙ,
648 1492 712 1532 65,

100 1558 234 1572 -—-·—
253 1537 301 1576 de
319 1537 522 1577 connubio
541 1540 703 1575 Patrum
722 1538 761 1574 δε
779 1536 905 1590 plebis
922 1564 935 1583 ,
963 1539 1031 1577 IV.
1059 1554 1094 1578 1.

99 1610 238 1622 --—
256 1591 303 1630 de
331 1589 519 1630 faciendis
545 1590 797 1636 consulibus,
823 1591 887 1630 seu
910 1590 957 1630 de
983 1589 1125 1644 plebe,
1146 1590 1210 1630 seu
1232 1590 1280 1631 de
1304 1594 1376 1631 Pa-

157 1646 283 1684 tribus
299 1672 310 1691 ,
334 1644 430 1684 ibid.

99 1716 236 1728 —-——
256 1698 303 1737 de
324 1695 572 1750 publicandis
589 1696 703 1734 bonis
723 1695 876 1734 Servilii
895 1695 1032 1735 Ahalae
1047 1722 1060 1742 ,
1083 1698 1154 1736 IV.
1178 1708 1240 1736 21.

254 1763 297 1791 ut
324 1764 414 1803 ager
442 1763 488 1788 ex
514 1749 690 1788 hostibus
713 1761 848 1800 caprus
869 1750 1020 1788 viritim
1049 1749 1250 1789 dividatur
1267 1780 1279 1797 ‚
1305 1752 1373 1797 48.

255 1817 297 1845 ut
322 1817 396 1856 pto
420 1803 641 1844 duumviris
666 1803 780 1842 sactis
802 1802 1000 1843 faciundis
1019 1815 1200 1843 creentur
1220 1804 1375 1844 decem-

55 1900 58 1901 ?
156 1853 231 1893 Viri
248 1885 262 1905 ,
281 1861 355 1899 VI.
383 1871 444 1905 37.

101 1929 238 1941 ---—
257 1911 304 1950 de
328 1909 509 1950 unciario
533 1908 686 1949 foenore
703 1942 714 1960 ‚
733 1911 831 1954 VII,
855 1917 918 1951 16.

258 1965 305 2003 de
330 1964 562 2003 Tusculanis
579 1989 590 2008 ,
609 1966 714 2002 VIII.
738 1975 802 2010 37-

31 2028 37 2032 *
102 2029 232 2042 ··--
257 2030 301 2057 ut
315 2019 415 2057 trib.
438 2016 524 2056 mil.
550 2017 644 2055 semi
670 2018 759 2056 deni
780 2018 822 2055 in
845 2025 1015 2068 quatuor
1039 2016 1213 2070 legiones
1233 2018 1256 2058 ἑ
1277 2031 1373 2073 pop.

147 2082 329 2110 creentur
353 2098 364 2117 ‚
399 2074 468 2110 IX.
497 2082 557 2116 30.

100 2140 234 2154 ———
256 2125 304 2163 de
321 2124 542 2163 duumviris
559 2121 765 2161 navalibus
786 2123 964 2162 creandis
982 2153 994 2171 ‚
1012 2123 1106 2165 ibid.

99 2197 235 2210 ———
254 2180 302 2217 de
328 2176 585 2230 pontificibus
609 2176 901 2229 auguribusque
931 2176 1091 2229 plebeiis
1119 2176 1345 2230 adlegendis
1359 2186 1378 2226 9'

103 2235 342 2337 RJg'ationis
366 2295 527 2324 carmen
549 2282 597 2321 de
622 2282 711 2323 trib.
736 2282 792 2335 pl.
821 2282 843 2322 εὶ
868 2283 1006 2322 Duilio
1030 2283 1265 2333 recitatum,
1295 2285 1375 2325 111.

38 2396 47 2403 ²
100 2349 343 2444 Regi-tiones
361 2390 503 2429 Licinii
523 2390 718 2442 Sextiique
737 2389 831 2435 trib,
854 2390 1009 2430 recitati
1027 2402 1161 2432 vetant
1182 2388 1343 2442 collegae
1357 2412 1375 2439 ,

102 2450 236 2539 adfui&
254 2457 421 2536 {gudita
441 2497 464 2536 a
487 2497 661 2537 Romulo
677 2525 690 2545 ‚
716 2500 746 2538 1.
777 2506 815 2539 6.

252 2550 386 2590 crescit
405 2564 449 2589 ex
477 2552 601 2589 ruinis
625 2551 734 2589 Albae
750 2556 812 2596 ,1,
835 2563 897 2600 30.

21 2624 24 2629 ·
99 2621 234 2637 ——-·
254 2605 424 2658 cingitur
451 2617 568 2649 mum
593 2604 752 2659 lapideo
768 2630 782 2652 ‚
807 2607 845 2646 1.-
863 2607 924 2652 38.

1023 2658 1065 2706 x
1097 2653 1149 2722 iij
