<?xml version="1.0" encoding="UTF-8"?>
<!DOCTYPE html PUBLIC "-//W3C//DTD XHTML 1.0 Transitional//EN"
    "http://www.w3.org/TR/xhtml1/DTD/xhtml1-transitional.dtd">
<html xmlns="http://www.w3.org/1999/xhtml" xml:lang="en" lang="en">
 <head>
  <title>
</title>
<meta http-equiv="Content-Type" content="text/html;charset=utf-8" />
  <meta name='ocr-system' content='tesseract 3.04.00' />
  <meta name='ocr-capabilities' content='ocr_page ocr_carea ocr_par ocr_line ocrx_word'/>
</head>
<body>
  <div class='ocr_page' id='page_1' title='image "./tliviipatavinihi0102livy/tliviipatavinihi0102livy_0530.png"; bbox 0 0 1680 3110; ppageno 0'>
   <div class='ocr_carea' id='block_1_1' title="bbox 289 148 1591 867">
    <p class='ocr_par' dir='ltr' id='par_1_1' title="bbox 289 148 1591 867">
     <span class='ocr_line' id='line_1_1' title="bbox 298 148 1214 228; baseline 0.019 -23"><span class='ocrx_word' id='word_1_1' title='bbox 298 159 430 228; x_wconf 68' lang='lat'>&lt;522</span> <span class='ocrx_word' id='word_1_2' title='bbox 696 148 733 213; x_wconf 94' lang='lat' dir='ltr'>I</span> <span class='ocrx_word' id='word_1_3' title='bbox 793 153 856 215; x_wconf 92' lang='lat' dir='ltr'>N</span> <span class='ocrx_word' id='word_1_4' title='bbox 912 155 974 217; x_wconf 91' lang='lat' dir='ltr'>D</span> <span class='ocrx_word' id='word_1_5' title='bbox 1035 155 1086 219; x_wconf 88' lang='lat' dir='ltr'>E</span> <span class='ocrx_word' id='word_1_6' title='bbox 1153 158 1214 221; x_wconf 79' lang='lat' dir='ltr'>X-</span> 
     </span>
     <span class='ocr_line' id='line_1_2' title="bbox 761 242 1012 280; baseline 0.02 -5"><span class='ocrx_word' id='word_1_7' title='bbox 761 263 765 266; x_wconf 87' lang='lat'><em>-</em></span> <span class='ocrx_word' id='word_1_8' title='bbox 887 242 1012 280; x_wconf 79' lang='lat' dir='ltr'>Civis.</span> 
     </span>
     <span class='ocr_line' id='line_1_3' title="bbox 307 284 1566 357; baseline 0.017 -34"><span class='ocrx_word' id='word_1_9' title='bbox 307 286 441 324; x_wconf 81' lang='lat' dir='ltr'>Bonus</span> <span class='ocrx_word' id='word_1_10' title='bbox 460 284 560 326; x_wconf 81' lang='lat' dir='ltr'>civis</span> <span class='ocrx_word' id='word_1_11' title='bbox 580 298 665 326; x_wconf 88' lang='lat' dir='ltr'>non</span> <span class='ocrx_word' id='word_1_12' title='bbox 684 287 850 329; x_wconf 84' lang='lat' dir='ltr'>secernit</span> <span class='ocrx_word' id='word_1_13' title='bbox 871 292 940 330; x_wconf 87' lang='lat' dir='ltr'>sua</span> <span class='ocrx_word' id='word_1_14' title='bbox 960 292 983 331; x_wconf 73' lang='grc' dir='ltr'>ἓι</span> <span class='ocrx_word' id='word_1_15' title='bbox 1002 292 1173 345; x_wconf 80' lang='lat' dir='ltr'><strong>publicis</strong></span> <span class='ocrx_word' id='word_1_16' title='bbox 1196 295 1372 341; x_wconf 78' lang='lat' dir='ltr'>consilia.</span> <span class='ocrx_word' id='word_1_17' title='bbox 1400 304 1471 346; x_wconf 89' lang='lat' dir='ltr'>IV.</span> <span class='ocrx_word' id='word_1_18' title='bbox 1497 311 1566 357; x_wconf 55' lang='lat'>570·</span> 
     </span>
     <span class='ocr_line' id='line_1_4' title="bbox 800 344 1099 386; baseline 0.01 -4"><span class='ocrx_word' id='word_1_19' title='bbox 800 344 926 384; x_wconf 75' lang='lat' dir='ltr'>civile</span> <span class='ocrx_word' id='word_1_20' title='bbox 947 346 1099 386; x_wconf 85' lang='lat' dir='ltr'>bellum.</span> 
     </span>
     <span class='ocr_line' id='line_1_5' title="bbox 302 391 1591 456; baseline 0.017 -26"><span class='ocrx_word' id='word_1_21' title='bbox 302 391 378 432; x_wconf 83' lang='lat' dir='ltr'>Vel</span> <span class='ocrx_word' id='word_1_22' title='bbox 397 392 548 444; x_wconf 83' lang='lat' dir='ltr'>iniquis</span> <span class='ocrx_word' id='word_1_23' title='bbox 570 391 754 433; x_wconf 81' lang='lat' dir='ltr'>standum</span> <span class='ocrx_word' id='word_1_24' title='bbox 778 396 831 434; x_wconf 87' lang='lat' dir='ltr'>est</span> <span class='ocrx_word' id='word_1_25' title='bbox 853 399 983 450; x_wconf 79' lang='lat' dir='ltr'>potius</span> <span class='ocrx_word' id='word_1_26' title='bbox 1005 401 1128 453; x_wconf 64' lang='lat' dir='ltr'>quam</span> <span class='ocrx_word' id='word_1_27' title='bbox 1147 402 1290 456; x_wconf 83' lang='lat' dir='ltr'>impias</span> <span class='ocrx_word' id='word_1_28' title='bbox 1305 406 1409 450; x_wconf 85' lang='lat' dir='ltr'>inter</span> <span class='ocrx_word' id='word_1_29' title='bbox 1421 410 1459 450; x_wconf 86' lang='lat' dir='ltr'>se</span> <span class='ocrx_word' id='word_1_30' title='bbox 1479 411 1591 454; x_wconf 62' lang='lat' dir='ltr'>cives</span> 
     </span>
     <span class='ocr_line' id='line_1_6' title="bbox 352 446 949 499; baseline 0.017 -17"><span class='ocrx_word' id='word_1_31' title='bbox 352 446 562 485; x_wconf 85' lang='lat' dir='ltr'>conserant</span> <span class='ocrx_word' id='word_1_32' title='bbox 587 459 744 487; x_wconf 87' lang='lat' dir='ltr'>manus.</span> <span class='ocrx_word' id='word_1_33' title='bbox 771 453 859 491; x_wconf 89' lang='lat' dir='ltr'><strong>VII.</strong></span> <span class='ocrx_word' id='word_1_34' title='bbox 881 465 949 499; x_wconf 86' lang='lat'>40.</span> 
     </span>
     <span class='ocr_line' id='line_1_7' title="bbox 773 504 1112 559; baseline 0.024 -19"><span class='ocrx_word' id='word_1_35' title='bbox 773 504 899 543; x_wconf 78' lang='lat' dir='ltr'>Civile</span> <span class='ocrx_word' id='word_1_36' title='bbox 936 508 1112 559; x_wconf 80' lang='lat' dir='ltr'>regimen.</span> 
     </span>
     <span class='ocr_line' id='line_1_8' title="bbox 301 551 1584 619; baseline 0.018 -29"><span class='ocrx_word' id='word_1_37' title='bbox 301 551 594 592; x_wconf 70' lang='lat' dir='ltr'>lxcellentibus</span> <span class='ocrx_word' id='word_1_38' title='bbox 628 554 798 606; x_wconf 83' lang='lat' dir='ltr'>ingeniis</span> <span class='ocrx_word' id='word_1_39' title='bbox 824 558 937 598; x_wconf 72' lang='lat' dir='ltr'>citius</span> <span class='ocrx_word' id='word_1_40' title='bbox 968 559 1138 601; x_wconf 79' lang='lat' dir='ltr'>defuerit</span> <span class='ocrx_word' id='word_1_41' title='bbox 1167 576 1229 602; x_wconf 88' lang='lat' dir='ltr'>ars</span> <span class='ocrx_word' id='word_1_42' title='bbox 1261 565 1341 619; x_wconf 68' lang='lat' dir='ltr'>qui</span> <span class='ocrx_word' id='word_1_43' title='bbox 1370 569 1498 610; x_wconf 77' lang='lat' dir='ltr'>civem</span> <span class='ocrx_word' id='word_1_44' title='bbox 1523 584 1584 613; x_wconf 76' lang='lat' dir='ltr'>re-</span> 
     </span>
     <span class='ocr_line' id='line_1_9' title="bbox 289 607 1266 666; baseline 0.015 -24"><span class='ocrx_word' id='word_1_45' title='bbox 289 612 302 620; x_wconf 75' lang='lat'><strong><em>‘</em></strong></span> <span class='ocrx_word' id='word_1_46' title='bbox 350 617 471 658; x_wconf 81' lang='lat' dir='ltr'>gant,</span> <span class='ocrx_word' id='word_1_47' title='bbox 489 607 611 659; x_wconf 58' lang='lat' dir='ltr'>quam</span> <span class='ocrx_word' id='word_1_48' title='bbox 632 609 710 660; x_wconf 56' lang='lat' dir='ltr'>qud</span> <span class='ocrx_word' id='word_1_49' title='bbox 730 610 881 650; x_wconf 85' lang='lat' dir='ltr'>hostem</span> <span class='ocrx_word' id='word_1_50' title='bbox 903 613 1102 665; x_wconf 84' lang='lat' dir='ltr'>superent.</span> <span class='ocrx_word' id='word_1_51' title='bbox 1126 620 1176 657; x_wconf 88' lang='lat'>11.</span> <span class='ocrx_word' id='word_1_52' title='bbox 1202 631 1266 666; x_wconf 81' lang='lat'>43.</span> 
     </span>
     <span class='ocr_line' id='line_1_10' title="bbox 855 668 1023 707; baseline 0.024 -3"><span class='ocrx_word' id='word_1_53' title='bbox 855 668 1023 707; x_wconf 81' lang='lat' dir='ltr'>Civitas.</span> 
     </span>
     <span class='ocr_line' id='line_1_11' title="bbox 299 712 1587 781; baseline 0.018 -31"><span class='ocrx_word' id='word_1_54' title='bbox 299 713 363 751; x_wconf 82' lang='lat' dir='ltr'>Ita</span> <span class='ocrx_word' id='word_1_55' title='bbox 387 712 550 753; x_wconf 87' lang='lat' dir='ltr'>demum</span> <span class='ocrx_word' id='word_1_56' title='bbox 578 715 704 755; x_wconf 85' lang='lat' dir='ltr'>libera</span> <span class='ocrx_word' id='word_1_57' title='bbox 729 717 868 757; x_wconf 83' lang='lat' dir='ltr'>civitas</span> <span class='ocrx_word' id='word_1_58' title='bbox 900 719 953 758; x_wconf 87' lang='lat' dir='ltr'>est</span> <span class='ocrx_word' id='word_1_59' title='bbox 975 748 989 767; x_wconf 87' lang='lat'>,</span> <span class='ocrx_word' id='word_1_60' title='bbox 1026 721 1080 759; x_wconf 85' lang='lat' dir='ltr'>ita</span> <span class='ocrx_word' id='word_1_61' title='bbox 1108 735 1272 775; x_wconf 82' lang='lat' dir='ltr'>aequatae</span> <span class='ocrx_word' id='word_1_62' title='bbox 1295 727 1397 781; x_wconf 86' lang='lat' dir='ltr'>leges</span> <span class='ocrx_word' id='word_1_63' title='bbox 1416 758 1428 777; x_wconf 89' lang='lat'><em>,</em></span> <span class='ocrx_word' id='word_1_64' title='bbox 1456 731 1482 771; x_wconf 85' lang='lat' dir='ltr'>si</span> <span class='ocrx_word' id='word_1_65' title='bbox 1513 735 1587 779; x_wconf 62' lang='lat' dir='ltr'>sua</span> 
     </span>
     <span class='ocr_line' id='line_1_12' title="bbox 346 767 1524 834; baseline 0.016 -30"><span class='ocrx_word' id='word_1_66' title='bbox 346 767 513 820; x_wconf 85' lang='lat' dir='ltr'>quisque</span> <span class='ocrx_word' id='word_1_67' title='bbox 532 771 620 822; x_wconf 83' lang='lat' dir='ltr'>jura</span> <span class='ocrx_word' id='word_1_68' title='bbox 638 769 739 810; x_wconf 84' lang='lat' dir='ltr'>ordo</span> <span class='ocrx_word' id='word_1_69' title='bbox 757 798 772 819; x_wconf 91' lang='lat'>,</span> <span class='ocrx_word' id='word_1_70' title='bbox 791 773 902 811; x_wconf 82' lang='lat' dir='ltr'>suam</span> <span class='ocrx_word' id='word_1_71' title='bbox 921 775 1167 823; x_wconf 71' lang='lat' dir='ltr'>majestatem</span> <span class='ocrx_word' id='word_1_72' title='bbox 1188 789 1330 823; x_wconf 81' lang='lat' dir='ltr'>teneat.</span> <span class='ocrx_word' id='word_1_73' title='bbox 1368 787 1435 825; x_wconf 85' lang='lat'>111.</span> <span class='ocrx_word' id='word_1_74' title='bbox 1459 796 1524 834; x_wconf 78' lang='lat'>63,</span> 
     </span>
     <span class='ocr_line' id='line_1_13' title="bbox 827 830 1040 867; baseline 0.019 -4"><span class='ocrx_word' id='word_1_75' title='bbox 827 830 1040 867; x_wconf 75' lang='lat' dir='ltr'>Concordia.</span> 
     </span>
    </p>
   </div>
   <div class='ocr_carea' id='block_1_2' title="bbox 297 873 1581 976">
    <p class='ocr_par' dir='ltr' id='par_1_2' title="bbox 297 873 1581 976">
     <span class='ocr_line' id='line_1_14' title="bbox 297 873 1581 935; baseline 0.016 -21"><span class='ocrx_word' id='word_1_76' title='bbox 297 873 527 915; x_wconf 80' lang='lat' dir='ltr'>Concordia</span> <span class='ocrx_word' id='word_1_77' title='bbox 548 889 617 929; x_wconf 84' lang='lat' dir='ltr'>per</span> <span class='ocrx_word' id='word_1_78' title='bbox 639 891 752 931; x_wconf 77' lang='lat' dir='ltr'>aequa</span> <span class='ocrx_word' id='word_1_79' title='bbox 768 905 783 926; x_wconf 87' lang='lat'>‚</span> <span class='ocrx_word' id='word_1_80' title='bbox 809 892 879 933; x_wconf 86' lang='lat' dir='ltr'>pet</span> <span class='ocrx_word' id='word_1_81' title='bbox 903 882 1043 935; x_wconf 80' lang='lat' dir='ltr'>iniqua</span> <span class='ocrx_word' id='word_1_82' title='bbox 1061 910 1072 930; x_wconf 86' lang='lat'>,</span> <span class='ocrx_word' id='word_1_83' title='bbox 1104 887 1401 929; x_wconf 77' lang='lat' dir='ltr'>reconcilianda</span> <span class='ocrx_word' id='word_1_84' title='bbox 1427 893 1581 935; x_wconf 73' lang='lat' dir='ltr'>civitati</span> 
     </span>
     <span class='ocr_line' id='line_1_15' title="bbox 351 929 581 976; baseline 0.017 -10"><span class='ocrx_word' id='word_1_85' title='bbox 351 929 417 967; x_wconf 82' lang='lat' dir='ltr'>est.</span> <span class='ocrx_word' id='word_1_86' title='bbox 442 934 494 967; x_wconf 86' lang='lat'>11.</span> <span class='ocrx_word' id='word_1_87' title='bbox 518 943 581 976; x_wconf 83' lang='lat'>32.</span> 
     </span>
    </p>
   </div>
   <div class='ocr_carea' id='block_1_3' title="bbox 296 984 1579 1184">
    <p class='ocr_par' dir='ltr' id='par_1_3' title="bbox 296 984 1579 1051">
     <span class='ocr_line' id='line_1_16' title="bbox 296 984 1579 1051; baseline 0.017 -32"><span class='ocrx_word' id='word_1_88' title='bbox 296 984 489 1020; x_wconf 61' lang='lat' dir='ltr'>lactemus</span> <span class='ocrx_word' id='word_1_89' title='bbox 515 986 638 1023; x_wconf 81' lang='lat' dir='ltr'>timor</span> <span class='ocrx_word' id='word_1_90' title='bbox 655 1012 666 1030; x_wconf 86' lang='lat'>,</span> <span class='ocrx_word' id='word_1_91' title='bbox 691 986 916 1026; x_wconf 85' lang='lat' dir='ltr'>maximum</span> <span class='ocrx_word' id='word_1_92' title='bbox 941 990 1162 1029; x_wconf 80' lang='lat' dir='ltr'>concordiae</span> <span class='ocrx_word' id='word_1_93' title='bbox 1184 995 1390 1036; x_wconf 79' lang='lat' dir='ltr'>vinculum</span> <span class='ocrx_word' id='word_1_94' title='bbox 1406 1025 1418 1044; x_wconf 86' lang='lat'><strong><em>,</em></strong></span> <span class='ocrx_word' id='word_1_95' title='bbox 1436 1012 1579 1051; x_wconf 72' lang='lat' dir='ltr'>quam-</span> 
     </span>
    </p>

    <p class='ocr_par' dir='ltr' id='par_1_4' title="bbox 296 1036 1578 1184">
     <span class='ocr_line' id='line_1_17' title="bbox 351 1036 1560 1100; baseline 0.017 -25"><span class='ocrx_word' id='word_1_96' title='bbox 351 1037 409 1075; x_wconf 85' lang='lat' dir='ltr'>vis</span> <span class='ocrx_word' id='word_1_97' title='bbox 428 1036 620 1089; x_wconf 63' lang='lat' dir='ltr'>suspectos</span> <span class='ocrx_word' id='word_1_98' title='bbox 641 1038 894 1092; x_wconf 80' lang='lat' dir='ltr'>infensosque</span> <span class='ocrx_word' id='word_1_99' title='bbox 911 1043 1012 1080; x_wconf 86' lang='lat' dir='ltr'>inter</span> <span class='ocrx_word' id='word_1_100' title='bbox 1033 1044 1217 1097; x_wconf 85' lang='lat' dir='ltr'>sejungit</span> <span class='ocrx_word' id='word_1_101' title='bbox 1235 1051 1404 1091; x_wconf 81' lang='lat' dir='ltr'>animos.</span> <span class='ocrx_word' id='word_1_102' title='bbox 1425 1055 1473 1091; x_wconf 92' lang='lat'>11.</span> <span class='ocrx_word' id='word_1_103' title='bbox 1495 1066 1560 1100; x_wconf 85' lang='lat'>39.</span> 
     </span>
     <span class='ocr_line' id='line_1_18' title="bbox 296 1088 1578 1153; baseline 0.016 -25"><span class='ocrx_word' id='word_1_104' title='bbox 296 1088 365 1128; x_wconf 90' lang='lat' dir='ltr'>Nil</span> <span class='ocrx_word' id='word_1_105' title='bbox 393 1092 583 1131; x_wconf 84' lang='lat' dir='ltr'>concordi</span> <span class='ocrx_word' id='word_1_106' title='bbox 607 1092 776 1147; x_wconf 87' lang='lat' dir='ltr'>collegio</span> <span class='ocrx_word' id='word_1_107' title='bbox 803 1093 956 1135; x_wconf 71' lang='lat' dir='ltr'>firmius</span> <span class='ocrx_word' id='word_1_108' title='bbox 982 1096 1032 1136; x_wconf 85' lang='lat' dir='ltr'>ad</span> <span class='ocrx_word' id='word_1_109' title='bbox 1054 1100 1344 1152; x_wconf 85' lang='lat' dir='ltr'>rempublicam</span> <span class='ocrx_word' id='word_1_110' title='bbox 1369 1107 1578 1153; x_wconf 76' lang='lat' dir='ltr'>tuendam.</span> 
     </span>
     <span class='ocr_line' id='line_1_19' title="bbox 317 1148 482 1184; baseline 0.006 -2"><span class='ocrx_word' id='word_1_111' title='bbox 317 1180 320 1182; x_wconf 75' lang='grc'>,</span> <span class='ocrx_word' id='word_1_112' title='bbox 345 1148 396 1184; x_wconf 87' lang='grc' dir='ltr'>Χ.</span> <span class='ocrx_word' id='word_1_113' title='bbox 414 1156 482 1183; x_wconf 87' lang='lat'>22.</span> 
     </span>
    </p>
   </div>
   <div class='ocr_carea' id='block_1_4' title="bbox 831 1203 1040 1255">
    <p class='ocr_par' dir='ltr' id='par_1_5' title="bbox 831 1203 1040 1255">
     <span class='ocr_line' id='line_1_20' title="bbox 831 1203 1040 1255; baseline 0.038 -16"><span class='ocrx_word' id='word_1_114' title='bbox 831 1203 1040 1255; x_wconf 75' lang='lat' dir='ltr'>Consilium.</span> 
     </span>
    </p>
   </div>
   <div class='ocr_carea' id='block_1_5' title="bbox 288 1249 1572 1355">
    <p class='ocr_par' dir='ltr' id='par_1_6' title="bbox 288 1249 1572 1355">
     <span class='ocr_line' id='line_1_21' title="bbox 288 1249 1572 1316; baseline 0.015 -27"><span class='ocrx_word' id='word_1_115' title='bbox 288 1249 412 1290; x_wconf 85' lang='lat' dir='ltr'>Unde</span> <span class='ocrx_word' id='word_1_116' title='bbox 439 1250 648 1293; x_wconf 75' lang='lat' dir='ltr'>confiiium</span> <span class='ocrx_word' id='word_1_117' title='bbox 671 1267 754 1294; x_wconf 89' lang='lat' dir='ltr'>non</span> <span class='ocrx_word' id='word_1_118' title='bbox 780 1259 991 1310; x_wconf 82' lang='lat' dir='ltr'>petiveris,</span> <span class='ocrx_word' id='word_1_119' title='bbox 1016 1260 1211 1303; x_wconf 73' lang='lat' dir='ltr'>auxilium</span> <span class='ocrx_word' id='word_1_120' title='bbox 1236 1276 1367 1316; x_wconf 85' lang='lat' dir='ltr'>petere</span> <span class='ocrx_word' id='word_1_121' title='bbox 1393 1278 1477 1308; x_wconf 89' lang='lat' dir='ltr'>non</span> <span class='ocrx_word' id='word_1_122' title='bbox 1501 1268 1572 1310; x_wconf 79' lang='lat' dir='ltr'>de-</span> 
     </span>
     <span class='ocr_line' id='line_1_22' title="bbox 347 1305 587 1355; baseline 0.025 -14"><span class='ocrx_word' id='word_1_123' title='bbox 347 1305 426 1344; x_wconf 85' lang='lat' dir='ltr'>bes.</span> <span class='ocrx_word' id='word_1_124' title='bbox 450 1309 500 1345; x_wconf 86' lang='lat' dir='ltr'>V.</span> <span class='ocrx_word' id='word_1_125' title='bbox 525 1321 587 1355; x_wconf 84' lang='lat'>17.</span> 
     </span>
    </p>
   </div>
   <div class='ocr_carea' id='block_1_6' title="bbox 282 1357 1572 2125">
    <p class='ocr_par' dir='ltr' id='par_1_7' title="bbox 282 1357 1572 2125">
     <span class='ocr_line' id='line_1_23' title="bbox 290 1357 1413 1420; baseline 0.014 -22"><span class='ocrx_word' id='word_1_126' title='bbox 290 1357 469 1398; x_wconf 81' lang='lat' dir='ltr'>eonfilio</span> <span class='ocrx_word' id='word_1_127' title='bbox 494 1359 751 1412; x_wconf 71' lang='lat' dir='ltr'>grassandum</span> <span class='ocrx_word' id='word_1_128' title='bbox 767 1389 780 1409; x_wconf 86' lang='lat'>,</span> <span class='ocrx_word' id='word_1_129' title='bbox 799 1363 824 1402; x_wconf 84' lang='lat' dir='ltr'>fi</span> <span class='ocrx_word' id='word_1_130' title='bbox 848 1364 950 1404; x_wconf 88' lang='lat' dir='ltr'>nihil</span> <span class='ocrx_word' id='word_1_131' title='bbox 971 1367 1071 1406; x_wconf 88' lang='lat' dir='ltr'>vires</span> <span class='ocrx_word' id='word_1_132' title='bbox 1093 1370 1252 1420; x_wconf 87' lang='lat' dir='ltr'>juvent.</span> <span class='ocrx_word' id='word_1_133' title='bbox 1276 1375 1326 1412; x_wconf 89' lang='lat' dir='ltr'>X.</span> <span class='ocrx_word' id='word_1_134' title='bbox 1351 1388 1413 1420; x_wconf 77' lang='lat'>14-</span> 
     </span>
     <span class='ocr_line' id='line_1_24' title="bbox 298 1420 1021 1460; baseline 0.017 -12"><span class='ocrx_word' id='word_1_135' title='bbox 298 1420 302 1426; x_wconf 84' lang='lat'>·</span> <span class='ocrx_word' id='word_1_136' title='bbox 839 1420 1021 1460; x_wconf 79' lang='lat' dir='ltr'>Crimina.</span> 
     </span>
     <span class='ocr_line' id='line_1_25' title="bbox 288 1467 1572 1529; baseline 0.014 -24"><span class='ocrx_word' id='word_1_137' title='bbox 288 1467 472 1508; x_wconf 74' lang='lat' dir='ltr'>Crimina</span> <span class='ocrx_word' id='word_1_138' title='bbox 492 1470 638 1509; x_wconf 68' lang='lat' dir='ltr'>revicta</span> <span class='ocrx_word' id='word_1_139' title='bbox 656 1470 769 1509; x_wconf 86' lang='lat' dir='ltr'>rebus</span> <span class='ocrx_word' id='word_1_140' title='bbox 786 1499 799 1519; x_wconf 87' lang='lat'><strong><em>,</em></strong></span> <span class='ocrx_word' id='word_1_141' title='bbox 824 1472 953 1512; x_wconf 82' lang='lat' dir='ltr'>verbis</span> <span class='ocrx_word' id='word_1_142' title='bbox 972 1474 1181 1514; x_wconf 82' lang='lat' dir='ltr'>confutare</span> <span class='ocrx_word' id='word_1_143' title='bbox 1198 1475 1302 1517; x_wconf 80' lang='lat' dir='ltr'>nihil</span> <span class='ocrx_word' id='word_1_144' title='bbox 1323 1480 1477 1523; x_wconf 83' lang='lat' dir='ltr'>attinet.</span> <span class='ocrx_word' id='word_1_145' title='bbox 1496 1487 1572 1529; x_wconf 84' lang='lat' dir='ltr'>VI.</span> 
     </span>
     <span class='ocr_line' id='line_1_26' title="bbox 342 1531 409 1562; baseline 0.09 -6"><span class='ocrx_word' id='word_1_146' title='bbox 342 1531 409 1562; x_wconf 86' lang='lat'>26.</span> 
     </span>
     <span class='ocr_line' id='line_1_27' title="bbox 285 1575 1570 1643; baseline 0.016 -31"><span class='ocrx_word' id='word_1_147' title='bbox 285 1575 473 1614; x_wconf 82' lang='lat' dir='ltr'>Crimina</span> <span class='ocrx_word' id='word_1_148' title='bbox 495 1575 615 1614; x_wconf 86' lang='lat' dir='ltr'>etiam</span> <span class='ocrx_word' id='word_1_149' title='bbox 638 1576 664 1614; x_wconf 79' lang='lat' dir='ltr'>fi</span> <span class='ocrx_word' id='word_1_150' title='bbox 687 1590 781 1616; x_wconf 87' lang='lat' dir='ltr'>vera</span> <span class='ocrx_word' id='word_1_151' title='bbox 803 1577 899 1627; x_wconf 80' lang='lat' dir='ltr'>sint,</span> <span class='ocrx_word' id='word_1_152' title='bbox 919 1579 1056 1631; x_wconf 78' lang='lat' dir='ltr'>fateri,</span> <span class='ocrx_word' id='word_1_153' title='bbox 1076 1595 1202 1635; x_wconf 85' lang='lat' dir='ltr'>quum</span> <span class='ocrx_word' id='word_1_154' title='bbox 1222 1585 1570 1643; x_wconf 68' lang='lat' dir='ltr'>evidenter-poeni-</span> 
     </span>
     <span class='ocr_line' id='line_1_28' title="bbox 333 1627 980 1676; baseline 0.011 -10"><span class='ocrx_word' id='word_1_155' title='bbox 333 1630 411 1668; x_wconf 85' lang='lat' dir='ltr'>tuit</span> <span class='ocrx_word' id='word_1_156' title='bbox 432 1655 446 1676; x_wconf 90' lang='lat'>‚</span> <span class='ocrx_word' id='word_1_157' title='bbox 467 1641 600 1669; x_wconf 89' lang='lat' dir='ltr'>tutum</span> <span class='ocrx_word' id='word_1_158' title='bbox 629 1627 704 1670; x_wconf 83' lang='lat' dir='ltr'>effe</span> <span class='ocrx_word' id='word_1_159' title='bbox 732 1632 858 1672; x_wconf 88' lang='lat' dir='ltr'>debet.</span> <span class='ocrx_word' id='word_1_160' title='bbox 883 1634 980 1675; x_wconf 69' lang='lat' dir='ltr'>ibici.</span> 
     </span>
     <span class='ocr_line' id='line_1_29' title="bbox 812 1686 1040 1730; baseline 0.026 -6"><span class='ocrx_word' id='word_1_161' title='bbox 812 1686 1040 1730; x_wconf 80' lang='lat' dir='ltr'>Crudelitas.</span> 
     </span>
     <span class='ocr_line' id='line_1_30' title="bbox 282 1734 1565 1798; baseline 0.016 -26"><span class='ocrx_word' id='word_1_162' title='bbox 282 1734 538 1777; x_wconf 74' lang='lat' dir='ltr'>crudelitatis</span> <span class='ocrx_word' id='word_1_163' title='bbox 565 1737 662 1779; x_wconf 89' lang='lat' dir='ltr'>odio</span> <span class='ocrx_word' id='word_1_164' title='bbox 692 1738 895 1781; x_wconf 82' lang='lat' dir='ltr'>interdum</span> <span class='ocrx_word' id='word_1_165' title='bbox 925 1742 968 1782; x_wconf 89' lang='lat' dir='ltr'>in</span> <span class='ocrx_word' id='word_1_166' title='bbox 1000 1743 1278 1787; x_wconf 83' lang='lat' dir='ltr'>crudelitatem</span> <span class='ocrx_word' id='word_1_167' title='bbox 1308 1748 1451 1792; x_wconf 80' lang='lat' dir='ltr'>ruitur.</span> <span class='ocrx_word' id='word_1_168' title='bbox 1487 1756 1565 1798; x_wconf 53' lang='lat'>1⁴11.</span> 
     </span>
     <span class='ocr_line' id='line_1_31' title="bbox 335 1801 401 1841; baseline -0.045 0"><span class='ocrx_word' id='word_1_169' title='bbox 335 1801 401 1841; x_wconf 81' lang='lat'>53·</span> 
     </span>
     <span class='ocr_line' id='line_1_32' title="bbox 857 1850 988 1906; baseline 0.008 -17"><span class='ocrx_word' id='word_1_170' title='bbox 857 1850 988 1906; x_wconf 74' lang='lat' dir='ltr'>Culpa.</span> 
     </span>
     <span class='ocr_line' id='line_1_33' title="bbox 282 1900 1564 1969; baseline 0.016 -35"><span class='ocrx_word' id='word_1_171' title='bbox 282 1900 401 1938; x_wconf 84' lang='lat' dir='ltr'>Mens</span> <span class='ocrx_word' id='word_1_172' title='bbox 427 1910 562 1951; x_wconf 84' lang='lat' dir='ltr'>peccat</span> <span class='ocrx_word' id='word_1_173' title='bbox 580 1927 590 1944; x_wconf 92' lang='lat'>,</span> <span class='ocrx_word' id='word_1_174' title='bbox 621 1912 704 1940; x_wconf 90' lang='lat' dir='ltr'>non</span> <span class='ocrx_word' id='word_1_175' title='bbox 740 1915 881 1957; x_wconf 85' lang='lat' dir='ltr'>corpus</span> <span class='ocrx_word' id='word_1_176' title='bbox 909 1923 919 1949; x_wconf 69' lang='grc' dir='ltr'><strong>ς</strong></span> <span class='ocrx_word' id='word_1_177' title='bbox 957 1909 998 1946; x_wconf 85' lang='lat'>&amp;</span> <span class='ocrx_word' id='word_1_178' title='bbox 1033 1907 1140 1948; x_wconf 87' lang='lat' dir='ltr'>unde</span> <span class='ocrx_word' id='word_1_179' title='bbox 1167 1908 1373 1953; x_wconf 79' lang='lat' dir='ltr'>confilium</span> <span class='ocrx_word' id='word_1_180' title='bbox 1403 1912 1564 1969; x_wconf 80' lang='lat' dir='ltr'>abfuit,</span> 
     </span>
     <span class='ocr_line' id='line_1_34' title="bbox 333 1952 745 2007; baseline 0.017 -18"><span class='ocrx_word' id='word_1_181' title='bbox 333 1952 453 2005; x_wconf 70' lang='lat' dir='ltr'>culpa</span> <span class='ocrx_word' id='word_1_182' title='bbox 476 1952 592 1993; x_wconf 83' lang='lat' dir='ltr'>abest.</span> <span class='ocrx_word' id='word_1_183' title='bbox 627 1959 657 1996; x_wconf 88' lang='lat'>1.</span> <span class='ocrx_word' id='word_1_184' title='bbox 682 1957 745 2007; x_wconf 86' lang='lat'>58.</span> 
     </span>
     <span class='ocr_line' id='line_1_35' title="bbox 818 2013 1031 2067; baseline 0.028 -18"><span class='ocrx_word' id='word_1_185' title='bbox 818 2013 1031 2067; x_wconf 77' lang='lat' dir='ltr'>Cupiditas.</span> 
     </span>
     <span class='ocr_line' id='line_1_36' title="bbox 282 2059 1541 2125; baseline 0.017 -30"><span class='ocrx_word' id='word_1_186' title='bbox 282 2059 450 2104; x_wconf 82' lang='lat' dir='ltr'>Quanto</span> <span class='ocrx_word' id='word_1_187' title='bbox 469 2071 604 2100; x_wconf 84' lang='lat' dir='ltr'>terum</span> <span class='ocrx_word' id='word_1_188' title='bbox 621 2064 754 2102; x_wconf 82' lang='lat' dir='ltr'>minus</span> <span class='ocrx_word' id='word_1_189' title='bbox 767 2091 781 2112; x_wconf 91' lang='lat'><em>‚</em></span> <span class='ocrx_word' id='word_1_190' title='bbox 808 2075 922 2108; x_wconf 20' lang='lat' dir='ltr'>tanto*</span> <span class='ocrx_word' id='word_1_191' title='bbox 940 2071 1072 2111; x_wconf 81' lang='lat' dir='ltr'>minus</span> <span class='ocrx_word' id='word_1_192' title='bbox 1094 2071 1316 2125; x_wconf 81' lang='lat' dir='ltr'>cupiditatis</span> <span class='ocrx_word' id='word_1_193' title='bbox 1336 2072 1403 2116; x_wconf 87' lang='lat' dir='ltr'>est.</span> <span class='ocrx_word' id='word_1_194' title='bbox 1426 2075 1541 2124; x_wconf 67' lang='lat' dir='ltr'>Praefi</span> 
     </span>
    </p>
   </div>
   <div class='ocr_carea' id='block_1_7' title="bbox 895 2177 957 2217">
    <p class='ocr_par' dir='ltr' id='par_1_8' title="bbox 895 2177 957 2217">
     <span class='ocr_line' id='line_1_37' title="bbox 895 2177 957 2217; baseline 0.032 -2"><span class='ocrx_word' id='word_1_195' title='bbox 895 2177 957 2217; x_wconf 68' lang='lat' dir='ltr'>D.⁴</span> 
     </span>
    </p>
   </div>
   <div class='ocr_carea' id='block_1_8' title="bbox 271 2280 1278 2392">
    <p class='ocr_par' dir='ltr' id='par_1_9' title="bbox 271 2280 1278 2392">
     <span class='ocr_line' id='line_1_38' title="bbox 801 2280 1035 2336; baseline 0.03 -20"><span class='ocrx_word' id='word_1_196' title='bbox 801 2280 1035 2336; x_wconf 68' lang='lat' dir='ltr'>Desperatio.</span> 
     </span>
     <span class='ocr_line' id='line_1_39' title="bbox 271 2326 1278 2392; baseline 0.02 -28"><span class='ocrx_word' id='word_1_197' title='bbox 271 2326 505 2380; x_wconf 64' lang='lat' dir='ltr'>Desperatio</span> <span class='ocrx_word' id='word_1_198' title='bbox 537 2328 680 2370; x_wconf 81' lang='lat' dir='ltr'>ultima</span> <span class='ocrx_word' id='word_1_199' title='bbox 707 2335 971 2375; x_wconf 80' lang='lat' dir='ltr'>temeritatem</span> <span class='ocrx_word' id='word_1_200' title='bbox 995 2337 1104 2381; x_wconf 86' lang='lat' dir='ltr'>facit.</span> <span class='ocrx_word' id='word_1_201' title='bbox 1132 2343 1181 2382; x_wconf 89' lang='lat' dir='ltr'>X.</span> <span class='ocrx_word' id='word_1_202' title='bbox 1213 2355 1278 2392; x_wconf 80' lang='lat'>3²·</span> 
     </span>
    </p>
   </div>
   <div class='ocr_carea' id='block_1_9' title="bbox 274 2391 1556 2544">
    <p class='ocr_par' dir='ltr' id='par_1_10' title="bbox 274 2391 1556 2544">
     <span class='ocr_line' id='line_1_40' title="bbox 877 2391 957 2430; baseline 0.038 -3"><span class='ocrx_word' id='word_1_203' title='bbox 877 2391 957 2430; x_wconf 86' lang='lat' dir='ltr'>Dii.</span> 
     </span>
     <span class='ocr_line' id='line_1_41' title="bbox 274 2434 1556 2506; baseline 0.018 -35"><span class='ocrx_word' id='word_1_204' title='bbox 274 2434 494 2485; x_wconf 88' lang='lat' dir='ltr'>Nunquam</span> <span class='ocrx_word' id='word_1_205' title='bbox 516 2436 569 2474; x_wconf 88' lang='lat' dir='ltr'>dii</span> <span class='ocrx_word' id='word_1_206' title='bbox 594 2437 661 2489; x_wconf 70' lang='lat' dir='ltr'>ipsi</span> <span class='ocrx_word' id='word_1_207' title='bbox 690 2438 896 2481; x_wconf 54' lang='lat' dir='ltr'>*dmovent</span> <span class='ocrx_word' id='word_1_208' title='bbox 914 2447 1147 2486; x_wconf 83' lang='lat' dir='ltr'>nocentibus</span> <span class='ocrx_word' id='word_1_209' title='bbox 1171 2461 1328 2490; x_wconf 78' lang='lat' dir='ltr'>manus·</span> <span class='ocrx_word' id='word_1_210' title='bbox 1357 2450 1453 2492; x_wconf 82' lang='lat' dir='ltr'>Satis</span> <span class='ocrx_word' id='word_1_211' title='bbox 1472 2453 1556 2506; x_wconf 76' lang='lat' dir='ltr'>est,</span> 
     </span>
     <span class='ocr_line' id='line_1_42' title="bbox 326 2485 1292 2544; baseline 0.021 -20"><span class='ocrx_word' id='word_1_212' title='bbox 326 2485 353 2524; x_wconf 80' lang='lat' dir='ltr'>fi</span> <span class='ocrx_word' id='word_1_213' title='bbox 370 2488 572 2528; x_wconf 83' lang='lat' dir='ltr'>occafione</span> <span class='ocrx_word' id='word_1_214' title='bbox 595 2493 806 2532; x_wconf 83' lang='lat' dir='ltr'>ulciscendi</span> <span class='ocrx_word' id='word_1_215' title='bbox 832 2496 938 2536; x_wconf 80' lang='lat' dir='ltr'>laesos</span> <span class='ocrx_word' id='word_1_216' title='bbox 955 2512 1123 2541; x_wconf 85' lang='lat' dir='ltr'>arment.</span> <span class='ocrx_word' id='word_1_217' title='bbox 1153 2507 1204 2543; x_wconf 92' lang='lat' dir='ltr'>V.</span> <span class='ocrx_word' id='word_1_218' title='bbox 1233 2519 1292 2544; x_wconf 83' lang='grc' dir='ltr'>ιι.</span> 
     </span>
    </p>
   </div>
   <div class='ocr_carea' id='block_1_10' title="bbox 275 2541 1550 2656">
    <p class='ocr_par' dir='ltr' id='par_1_11' title="bbox 275 2541 1550 2656">
     <span class='ocr_line' id='line_1_43' title="bbox 275 2541 1550 2614; baseline 0.019 -37"><span class='ocrx_word' id='word_1_219' title='bbox 275 2541 409 2591; x_wconf 84' lang='lat' dir='ltr'>Speret</span> <span class='ocrx_word' id='word_1_220' title='bbox 430 2547 620 2594; x_wconf 79' lang='lat' dir='ltr'>propitios</span> <span class='ocrx_word' id='word_1_221' title='bbox 644 2554 742 2585; x_wconf 63' lang='lat' dir='ltr'>meos</span> <span class='ocrx_word' id='word_1_222' title='bbox 767 2552 833 2600; x_wconf 89' lang='lat' dir='ltr'>qui</span> <span class='ocrx_word' id='word_1_223' title='bbox 858 2565 998 2591; x_wconf 87' lang='lat' dir='ltr'>eorum</span> <span class='ocrx_word' id='word_1_224' title='bbox 1030 2555 1181 2594; x_wconf 82' lang='lat' dir='ltr'>cultum</span> <span class='ocrx_word' id='word_1_225' title='bbox 1198 2584 1209 2601; x_wconf 85' lang='lat'>‚</span> <span class='ocrx_word' id='word_1_226' title='bbox 1227 2569 1277 2596; x_wconf 87' lang='lat' dir='ltr'>ne</span> <span class='ocrx_word' id='word_1_227' title='bbox 1298 2560 1437 2599; x_wconf 87' lang='lat' dir='ltr'>mortis</span> <span class='ocrx_word' id='word_1_228' title='bbox 1457 2561 1550 2614; x_wconf 80' lang='lat' dir='ltr'>qui-</span> 
     </span>
     <span class='ocr_line' id='line_1_44' title="bbox 325 2593 1248 2656; baseline 0.022 -26"><span class='ocrx_word' id='word_1_229' title='bbox 325 2593 417 2632; x_wconf 77' lang='lat' dir='ltr'>dem</span> <span class='ocrx_word' id='word_1_230' title='bbox 440 2610 548 2635; x_wconf 79' lang='lat' dir='ltr'>metu</span> <span class='ocrx_word' id='word_1_231' title='bbox 573 2601 796 2649; x_wconf 67' lang='lat' dir='ltr'>prohibitus</span> <span class='ocrx_word' id='word_1_232' title='bbox 815 2631 826 2650; x_wconf 91' lang='lat'>,</span> <span class='ocrx_word' id='word_1_233' title='bbox 858 2605 1081 2648; x_wconf 83' lang='lat' dir='ltr'>deseruerit.</span> <span class='ocrx_word' id='word_1_234' title='bbox 1108 2615 1155 2647; x_wconf 91' lang='lat' dir='ltr'>V.</span> <span class='ocrx_word' id='word_1_235' title='bbox 1180 2621 1248 2656; x_wconf 84' lang='lat'>46.</span> 
     </span>
    </p>
   </div>
   <div class='ocr_carea' id='block_1_11' title="bbox 270 2647 1549 2721">
    <p class='ocr_par' dir='ltr' id='par_1_12' title="bbox 270 2647 1549 2721">
     <span class='ocr_line' id='line_1_45' title="bbox 270 2647 1549 2721; baseline 0.017 -35"><span class='ocrx_word' id='word_1_236' title='bbox 270 2647 421 2687; x_wconf 73' lang='lat' dir='ltr'>Rerum</span> <span class='ocrx_word' id='word_1_237' title='bbox 454 2652 725 2695; x_wconf 76' lang='lat' dir='ltr'>humanarum</span> <span class='ocrx_word' id='word_1_238' title='bbox 763 2660 990 2702; x_wconf 75' lang='lat' dir='ltr'>maximum</span> <span class='ocrx_word' id='word_1_239' title='bbox 1021 2675 1275 2704; x_wconf 81' lang='lat' dir='ltr'>momentum</span> <span class='ocrx_word' id='word_1_240' title='bbox 1310 2666 1398 2715; x_wconf 77' lang='lat' dir='ltr'>est,</span> <span class='ocrx_word' id='word_1_241' title='bbox 1424 2667 1549 2721; x_wconf 62' lang='lat' dir='ltr'>quaint</span> 
     </span>
    </p>
   </div>
   <div class='ocr_carea' id='block_1_12' title="bbox 1633 0 1680 3110">
    <p class='ocr_par' dir='ltr' id='par_1_13' title="bbox 1633 0 1680 3110">
     <span class='ocr_line' id='line_1_46' title="bbox 1633 0 1680 3110; baseline 0 0"><span class='ocrx_word' id='word_1_242' title='bbox 1633 0 1680 3110; x_wconf 95' lang='lat' dir='ltr'> </span> 
     </span>
    </p>
   </div>
  </div>
 </body>
</html>
