1680 3110
345 162 476 227 '144
755 144 828 204 T.
914 145 966 204 L
1014 166 1040 205 1
1085 165 1129 210 v
1178 169 1202 207 1
1251 167 1274 208 ι
1638 151 1676 186 ⁶

139 245 328 290 U.c.413.
350 229 524 280 infesto
543 226 731 294 agmine
749 265 762 286 ,
783 224 844 276 ad
865 225 1075 294 lapidem
1094 228 1320 280 ostavum
1341 227 1364 264 ⁶
1380 226 1496 290 viae,
1515 243 1621 297 quae
1659 244 1680 266 -·

139 295 227 333 33·
247 306 333 339 ³39·
352 313 482 347 nunc
517 294 677 362 Appia
711 291 810 354 est,
834 294 1128 361 perveniunt
1152 313 1164 345 :
1186 293 1424 363 issentque
1455 294 1642 346 confe-·

350 362 456 412 stim
492 359 551 410 ad
592 359 795 421 urbem,
818 359 868 409 ni
904 360 1072 410 venire
1109 360 1280 411 contra
1315 361 1621 421 exercitum,

170 437 331 472 Valerius
350 429 740 494 dietatoremque
775 423 1006 477 adversus
1042 428 1087 477 se
1120 432 1186 477 M.
1211 427 1462 478 Valerium
1495 432 1624 479 Cot-

140 487 287 570 ξξῖὶζῖν
351 512 469 544 vum
503 492 688 542 distum
722 490 988 554 audissent,
1010 494 1060 543 δε
1090 491 1369 560 magistrum
1395 494 1622 563 equiturn

288 561 300 572 '
349 563 403 611 L.
428 559 680 609 AEmilium
700 560 1071 611 Mamercinum.

406 630 502 676 XL.
523 635 538 659 ¹
562 625 659 677 Ubi
681 624 890 692 primum
907 626 957 676 in
977 625 1291 694 conspe-stum
1307 639 1510 677 ventum
1528 625 1626 688 est,
1676 620 1680 622 ’

353 710 484 744 arma
516 690 744 759 signaque
779 707 1022 758 agnovere
1056 712 1072 752 ;
1108 693 1356 761 externplo
1396 692 1627 743 omnibus

354 759 588 811 memoria
610 758 772 826 patriae
797 758 890 808 iras
921 757 1183 826 permulsit.
1222 759 1460 810 Nondum
1488 773 1627 809 erant

356 829 455 876 tam
485 824 638 875 fortes
670 823 730 874 ad
762 825 1041 892 sanguinem
1074 823 1307 885 civilem,
1332 843 1422 876 nec
1456 840 1628 893 praeter

359 906 560 943 externa
597 904 833 941 noverant
870 890 996 942 bella
1016 930 1030 952 ‚
1054 890 1326 958 ultimaque
1362 891 1520 943 rabies
1553 893 1627 942 se-

360 958 504 1009 ceffio
529 958 586 1008 ab
606 957 699 1008 suis
718 956 1007 1008 habebatur.
1030 957 1195 1026 itaque
1214 957 1307 1022 jam
1327 957 1478 1009 duces
1497 997 1512 1020 ,
1530 957 1626 1023 jam

359 1025 540 1076 milites
576 1024 858 1090 utrimque,
877 1023 1155 1091 congressus
1187 1042 1399 1092 quaerere
1431 1024 1490 1076 ad
1520 1024 1628 1076 col-

357 1091 544 1160 loquia.
578 1090 823 1153 Quintius
851 1129 863 1150 ‚
902 1108 1050 1158 quem
1080 1108 1324 1142 armorum
1357 1091 1503 1142 etiam
1536 1109 1627 1160 pro
1676 1101 1680 1104 “

359 1158 513 1227 patria
553 1157 741 1206 satietas
781 1170 972 1207 teneret
996 1195 1011 1219 ‚
1055 1157 1236 1207 nedum
1277 1156 1506 1209 adversus
1543 1175 1628 1224 pa-

359 1225 502 1275 triam
528 1250 540 1282 ς
567 1227 764 1275 Corvus
784 1239 952 1273 omnes
975 1223 1173 1274 caritate
1196 1223 1329 1275 cives
1346 1263 1362 1286 ,
1385 1224 1628 1292 praecipue

359 1290 570 1350 milites,
593 1292 644 1340 δε
665 1304 775 1340 ante
799 1289 917 1340 alios
949 1291 1088 1341 suum
1116 1291 1389 1340 exercitum
1413 1290 1629 1357 comple-

359 1374 485 1417 xuS,
519 1355 578 1405 ad
602 1355 910 1422 colloquium
932 1357 1173 1422 processit.
1210 1357 1432 1423 Cognito
1464 1356 1509 1406 ei
1542 1373 1625 1407 ex-

362 1422 547 1491 templo
575 1422 706 1473 haud
730 1422 891 1472 minor
911 1423 970 1472 ab
993 1422 1273 1474 adversariis
1302 1423 1629 1486 verecundia,

176 1498 337 1536 metato-
364 1489 513 1561 quarn
543 1489 602 1539 ab
638 1489 732 1540 suis
764 1487 1004 1540 filentium
1036 1488 1234 1541 datum:
1259 1495 1407 1547 Deos,
1432 1490 1628 1557 inquit,

151 1548 328 1638 ffffffosse’
363 1555 644 1609 immortales
659 1593 675 1613 ,
699 1555 873 1605 milites
892 1593 906 1613 ,
927 1558 1095 1620 vestros
1109 1592 1126 1613 ,
1141 1556 1377 1623 publicos,
1397 1559 1627 1623 meosque,

151 1610 276 1684 axilio.
363 1628 419 1675 ab
443 1626 551 1674 urbe
570 1623 854 1689 proficiscens
883 1625 952 1671 ita
983 1625 1206 1680 adoravi,
1228 1625 1500 1689 veniamque
1518 1624 1631 1689 sup-

362 1691 467 1760 plex
491 1691 702 1757 poposci,
736 1706 786 1738 ut
816 1692 932 1738 mihi
961 1691 1013 1738 de
1044 1691 1178 1738 vobis
1212 1691 1454 1738 concordiae
1481 1703 1633 1757 partoe

359 1758 563 1826 gloriam
590 1791 605 1813 ,
644 1775 729 1804 non
758 1757 1003 1805 visloriam
1033 1758 1208 1807 darent.
1242 1759 1361 1805 Satis
1381 1758 1483 1821 fuit
1511 1758 1630 1805 erit-

366 1844 456 1892 que
472 1861 487 1881 ,
521 1825 635 1871 unde
655 1821 771 1871 belli
795 1825 926 1871 decus
940 1824 1159 1889 pariatur
1179 1845 1193 1871 :
1216 1825 1320 1872 hinc
1333 1836 1426 1891 pax
1443 1825 1633 1888 petenda

366 1893 442 1955 est.
476 1892 610 1955 Quod
635 1891 734 1937 deos
759 1888 1039 1938 immortales
1060 1891 1181 1938 inter
1203 1891 1499 1957 nuncupanda
1520 1905 1631 1939 vota

366 1958 594 2024 expoposci
610 1991 625 2011 ,
649 1962 742 2015 ejus
770 1973 839 2004 me
861 1969 1100 2021 compotem
1128 1959 1229 2006 voti
1263 1975 1344 2005 vos
1363 1958 1518 2021 fizcere
1539 1970 1630 2022 po·-

366 2026 522 2087 tcstis,
541 2023 590 2087 si
612 2021 853 2088 meministi³
885 2021 1068 2078 vultis,
1100 2040 1185 2070 non
1217 2042 1298 2071 vos
1330 2023 1380 2071 in
1417 2025 1591 2071 Samnio
1612 2059 1629 2082 ,

366 2109 446 2139 nec
479 2092 529 2139 in
562 2087 734 2150 Volscis
754 2123 768 2142 ,
790 2090 873 2151 fied
899 2089 950 2136 in
977 2094 1169 2137 Romano
1187 2087 1284 2152 solo
1316 2089 1458 2150 castra
1493 2090 1628 2137 habe-

366 2175 416 2205 re
444 2174 462 2216 ,-
512 2175 526 2204 z
558 2153 666 2203 illos
701 2153 868 2211 colles,
893 2172 1004 2220 quos
1036 2156 1223 2204 cernitis
1241 2190 1256 2211 ,
1281 2156 1446 2221 patriae
1473 2156 1629 2217 vestrae

368 2222 444 2291 offe
460 2222 536 2290 ;fi
565 2224 678 2270 hunc
712 2222 956 2271 exercitum
987 2221 1164 2272 civium
1195 2223 1439 2285 vestrorum
1458 2221 1533 2288 5st
1559 2238 1630 2271 me

420 2376 445 2408 6
472 2369 559 2409 Viae
573 2394 586 2414 ‚
614 2382 695 2423 quae
716 2381 812 2406 nunc
835 2369 973 2423 „Appia
1024 2368 1072 2423 est
1089 2396 1101 2415 ‚
1115 2374 1253 2419 arma]
1277 2365 1494 2420 Legendum
1520 2366 1628 2406 vide-

369 2422 449 2477 ess]
470 2425 597 2475 Magis
618 2425 819 2460 Livianum
842 2421 968 2461 foret:
1026 2434 1086 2461 tur
1116 2438 1124 2462 ς
1155 2421 1240 2460 vbi
1263 2420 1424 2477 primam
1441 2450 1449 2458 .
1469 2450 1478 2459 .
1497 2451 1506 2460 .
1539 2435 1633 2459 ven«

371 2477 462 2515 vii.
493 2480 551 2515 Sic
580 2474 693 2528 supra
721 2489 754 2513 c.
785 2489 824 2521 9.
867 2473 973 2514 Galli
1025 2486 1129 2521 tum,
1156 2473 1537 2522 &arma.5i1nile111
1555 2486 1631 2512 nae·

369 2530 422 2568 ad
451 2533 596 2569 tertium
627 2528 789 2581 lapidem
822 2526 973 2566 Salaria*
1026 2541 1120 2567 vum
1138 2526 1357 2566 emendavit
1374 2531 1458 2567 Jac.
1477 2533 1629 2567 Grono-

372 2582 467 2622 vid.
485 2611 494 2621 .
523 2581 637 2633 castra
659 2580 830 2619 habuere.
1026 2584 1136 2632 vius,-
1160 2580 1273 2634 supr&
1295 2585 1348 2620 11.
1373 2593 1433 2629 39.

429 2646 443 2672 ι
476 2634 560 2675 vbi
582 2632 794 2691 primum..
820 2642 973 2674 ventum

1414 2682 1636 2748 consulem
