1680 3110
132 221 325 264 U.c.416.

132 270 220 308 a.C.
237 276 324 314 336.

150 1971 200 2013 ΩΧ,
216 1963 330 2000 Publi-

138 2013 203 2046 (ius
219 2012 330 2050 dic‘fa·

137 2069 203 2098 ner,

346 136 476 215 '176
758 137 831 200 T.
919 143 971 202 L
1021 166 1048 204 1
1093 163 1135 208 v
1177 169 1204 210 1
1247 155 1278 210 'ir

344 213 487 269 bl‘ilio
501 256 516 279 ,
535 219 677 284 cujus
699 219 850 273 (luftu
875 227 1190 301 auspicioque
1209 249 1286 283 res
1302 235 1441 302 gestae
1460 250 1631 306 erant?

342 285 395 335 in
450 284 755 338 deditionem
806 292 1081 357 accipiente
1129 299 1327 351 Latinos
1380 322 1444 370 po
1481 306 1628 367 ulos5

344 368 563 417 quorum
598 352 666 402 ibi
701 353 933 420 juventus
967 363 1080 411 caesa
1122 379 1225 414 erat
1251 403 1269 428 ‚
1309 370 1435 420 AEmi
1458 372 1533 423 ius
1568 373 1631 425 ad

341 415 538 468 Pedum
579 421 852 473 exercitum
895 427 1054 478 duxit.
1102 431 1325 484 Pedanos
1363 438 1633 492 tuebantur

340 482 558 546 Tibur5‚
589 489 940 555 P1·aenesti1mS‚
967 493 1347 566 Veliternusque
1386 505 1632 573 populust
1675 550 1680 553 ,

345 565 585 602 venerant
618 556 668 603 &
699 555 759 605 ab
790 558 991 610 Lavinio
1020 563 1275 633 Antioque
1307 569 1497 621 auxilia.
1531 573 1633 624 Ubi

348 634 506 684 quum
533 619 708 685 praeliis
733 623 935 687 quidem
967 629 1185 698 superior
1213 635 1456 688 Romanus
1483 637 1634 702 esset,

347 682 412 736 ad
450 687 640 736 urbem·
661 688 808 757 ipsam
843 692 1067 755 Pedum,
1107 698 1354 768 castraque
1387 704 1633 759 sociorum

388 752 652 819 opulorum
673 793 686 814 ‚
718 774 824 825 quae
851 758 962 810 urbi
992 761 1215 827 adjunfta
1246 783 1414 831 erant,
1445 771 1636 840 integer

346 768 489 869 {ibor
533 820 729 872 restaret
767 846 783 885 3
822 824 954 876 bello
994 828 1180 881 infesto
1220 836 1421 910 repente
1460 839 1632 891 omisso

350 885 557 949 consul,
585 888 700 955 quia
724 889 923 958 collegae
945 893 1199 949 decretum
1223 903 1528 971 triumphum
1549 924 1637 958 au-

351 951 483 1002 divit
510 992 527 1015 ,
564 954 663 1022 ipse
706 975 912 1027 quoque
955 961 1192 1033 triumphi
1230 982 1340 1018 ante
1378 970 1635 1024 vietoriam

348 1017 598 1087 flagitator
621 1025 826 1076 Romam
849 1025 1009 1079 rediit.
1049 1031 1168 1093 Qua
1193 1051 1254 1083 cu
1294 1034 1464 1088 iditate
1488 1038 1636 1090 offen-

349 1084 409 1135 fis
446 1087 675 1139 Patribus
697 1129 711 1151 ‚
747 1094 1047 1159 negantibus
1076 1115 1169 1159 ue,
1193 1101 1278 1150 nii
1315 1103 1452 1155 Pedo
1487 1120 1636 1176 capto

348 1167 438 1203 aut
461 1152 631 1205 dedito
649 1194 663 1215 ‚
689 1157 1027 1228 triumphum,
1094 1164 1174 1215 inc
1198 1166 1436 1222 alienatus
1465 1172 1524 1223 ab
1556 1175 1637 1224 se-

350 1234 471 1270 natu
512 1222 736 1273 AEmilius
757 1262 772 1284 ,
800 1226 1033 1279 seditiosis
1068 1232 1399 1287 tribunatibus
1433 1237 1636 1292 similem

351 1285 533 1337 deinde
558 1290 865 1342 consulatum
900 1295 1053 1362 gestit.
1089 1301 1217 1350 Nam
1241 1318 1301 1351 ne
1342 1320 1402 1353 ue
1425 1343 1439 1365 ,
1470 1307 1636 1374 quoad

348 1350 451 1402 fuit
492 1355 694 1417 consul,
731 1358 978 1411 criminari
1018 1364 1148 1431 apud
1186 1385 1320 1436 popu
1343 1387 1427 1420 um
1465 1373 1636 1426 Patres

348 1418 539 1471 destitit
573 1460 589 1484 ,
635 1422 829 1492 collega
882 1426 1266 1500 haudquaquam
1312 1435 1632 1504 adversante,

351 1487 470 1554 quia
504 1490 556 1538 &
584 1488 684 1557 ipse
714 1490 775 1541 de
804 1492 947 1559 plebe
982 1511 1120 1549 erat:
1143 1500 1433 1563 (materiam
1466 1522 1634 1561 autem

348 1552 596 1620 praebebat
627 1556 915 1612 criminibus
944 1573 965 1597 2
995 1578 1109 1631 ager
1137 1564 1187 1616 in
1213 1569 1389 1622 Latino
1409 1572 1637 1627 Falerno-

350 1637 450 1687 que
477 1635 592 1688 agro
616 1623 825 1692 maligne
851 1627 1011 1696 plebei
1031 1630 1250 1698 divisus)
1274 1638 1352 1697 δε,
1375 1639 1634 1709 postquam

348 1688 544 1737 senatus
585 1689 722 1740 finire
762 1693 1019 1761 imperium
1060 1699 1346 1753 consulibus
1390 1709 1635 1775 cupiens,

351 1752 645 1805 dietatorem
690 1757 920 1811 adversus
960 1763 1250 1816 rebellantes
1293 1771 1492 1823 Latinos
1535 1776 1634 1829 dici

372 1819 481 1870 uffit
501 1859 518 1883 ‚
543 1822 767 1875 AEmilius
792 1866 803 1885 ‚
837 1834 853 1867 3
877 1827 1018 1893 cujus
1041 1844 1149 1882 tum
1171 1832 1322 1886 fasces
1340 1854 1478 1905 erant
1494 1879 1509 1902 ,
1532 1844 1635 1894 col·

348 1835 512 1954 legam
548 1889 838 1942 dietatorem
871 1894 1027 1947 dixit:
1052 1898 1111 1948 ab
1140 1916 1200 1949 eo
1236 1903 1457 1970 magister
1488 1913 1636 1977 equi-

354 1967 463 2005 tum
495 1955 672 2007 Junius
704 1961 886 2010 Brutus
923 1961 1096 2015 dicius.
1141 1967 1395 2021 Distatura
1427 1976 1636 2042 popula-

355 2020 420 2072 ris
443 2059 457 2081 ,
491 2025 540 2072 δε
572 2025 881 2077 orationibus
916 2027 968 2078 in
999 2031 1165 2081 Patres
1202 2034 1469 2090 criminofis
1501 2041 1636 2108 fuit,

354 2090 405 2139 &
430 2087 569 2156 quod
592 2105 690 2141 tres
712 2091 846 2160 leges
867 2095 1222 2149 secundissimas
1243 2100 1437 2170 plebei,
1461 2106 1635 2163 adver-

354 2208 474 2248 minis
502 2211 695 2263 nusquam
727 2212 824 2252 alias
856 2228 966 2254 men·
1023 2229 1102 2257 vox
1127 2232 1230 2272 agro.

353 2265 410 2301 tio
433 2268 616 2303 occur-rit.
643 2268 824 2318 Dujatius
845 2269 966 2321 suspi-
1081 2284 1096 2318 3
1125 2277 1242 2321 Cujus
1260 2284 1338 2314 tum
1353 2278 1479 2332 fasces
1500 2293 1633 2339 erant]

269 2348 274 2351 .
352 2329 462 2355 catur
502 2317 709 2369 legendum
741 2323 971 2368 Ferentinis„
1018 2327 1065 2362 In
1099 2327 1195 2366 urbe
1226 2327 1345 2370 fasces
1377 2337 1445 2372 uni
1478 2338 1632 2380 tantum

352 2372 598 2410 Ferentinum
631 2373 722 2411 urbs
751 2372 803 2412 est
833 2367 966 2423 Latii}v
1017 2379 1167 2418 consuli
1193 2383 1497 2432 praeferebantur
1521 2420 1533 2440 ‚
1573 2394 1636 2432 al-

353 2424 394 2461 &
417 2422 463 2461 de
483 2437 585 2476 aqua
614 2427 653 2463 &
685 2426 774 2465 luco
796 2431 962 2467 Ferenti·
1017 2434 1134 2470 ternis
1166 2436 1264 2474 inter
1294 2450 1505 2494 utrumque
1536 2450 1634 2487 vici-

349 2488 409 2519 nae
429 2479 577 2516 mentio
598 2478 699 2518 fasta
714 2479 737 2518 εὶ
754 2483 864 2521 Livio
883 2481 958 2531 est,
1017 2483 1086 2523 bus
1103 2487 1209 2528 (vid.
1234 2490 1346 2543 supra
1368 2497 1418 2532 11.
1447 2508 1480 2533 1.
1497 2506 1508 2545 )
1528 2501 1636 2554 isque

349 2529 465 2581 supra
482 2533 510 2568 1.
537 2542 598 2576 51.
620 2533 788 2572 &auhn
1013 2540 1122 2590 cujus
1152 2540 1268 2582 fasces
1301 2559 1413 2586 erant
1445 2577 1458 2596 ,
1495 2558 1630 2603 praeci-

404 2595 424 2620 2
454 2589 565 2635 Ager
584 2587 623 2623 in
641 2588 767 2626 Latino
786 2586 961 2628 Falerno·
1013 2604 1090 2643 pua
1124 2594 1264 2636 obibat
1291 2601 1512 2643 consulatus
1544 2622 1630 2649 mu-

346 2649 418 2689 que
455 2645 574 2692 agro]
626 2639 769 2680 Melius
814 2639 959 2683 abesset
1012 2647 1094 2687 nia..
