1669 3052
370 117 489 191 1⁴1
541 139 577 180 B
625 137 663 180 Ε
712 139 753 181 R
837 116 998 180 VH.
1202 128 1326 200 133·

60 195 229 246 territo
256 197 432 260 animi,
456 203 643 265 Videsne
671 197 754 258 iu,
783 200 980 267 inquit,
1009 205 1069 248 A.
1106 203 1318 256 Corneli,
1344 218 1534 256 numm

61 281 270 312 cacumen
298 265 424 315 illud.
437 269 580 334 supra
606 269 763 329 hcstem
781 269 807 316 ,ἓ
826 275 922 316 Arx
942 264 1034 316 illa
1060 267 1119 329 ‘st
1128 269 1232 331 spei
1244 269 1324 330 sa·
1341 265 1423 300 a.(3.
1446 272 1531 305 ³40⁴
1552 296 1554 298 ·

61 327 259 395 lutisque
295 333 445 395 nostrae
475 368 509 390 „
515 334 563 399 st
597 351 694 382 eam
723 369 739 390 ,
778 351 916 400 quam
955 334 1063 381 caeci
1097 333 1325 398 reliquere

57 397 279 445 Samnites
307 433 322 455 ,
358 400 554 464 impigre
589 402 810 466 capimus.
855 407 952 449 Nec
986 415 1037 447 tu
1074 401 1189 447 mihi
1218 397 1326 465 plus

60 463 198 526 quum
232 465 368 513 unius
402 464 597 529 legionis
619 476 640 499 2
673 467 909 532 Principes
940 466 1231 531 Hastatosque
1254 468 1328 513 de-

60 531 182 576 deris
203 549 216 575 .·
237 548 337 578 cum
361 533 526 595 quibus
546 530 626 578 ubi
648 533 830 595 evasero
849 534 899 580 in
907 533 1135 594 summum
1154 567 1168 590 ‚
1185 545 1327 598 perge

61 597 164 642 hinc
201 599 323 643 omni
353 596 470 644 liber
504 612 625 644 metu
652 632 673 651 5
701 613 833 663 teque
867 598 926 650 &¹
958 599 1202 645 exercitum
1226 600 1327 661 ser-

62 679 124 708 va
156 681 170 708 :
206 679 346 726 neque
381 664 502 710 enim
536 665 712 710 moveri
744 664 910 726 hcstis,
936 663 1164 725 subjec‘ius
1200 665 1328 711 nobis

61 728 119 774 ad
157 745 303 775 omnes
338 729 457 777 istus
488 764 504 784 ,
529 729 628 794 fine
652 730 739 792 sua
773 731 978 795 pernicie
1008 731 1194 794 poterit.
1233 737 1330 778 Nos

61 794 218 841 deinde
240 810 319 841 aut
330 796 518 858 fortuna
533 794 695 861 populi
716 797 938 850 Romani,
958 811 1037 841 aut
1058 796 1200 856 nostra
1223 797 1331 843 vir-

61 873 135 906 tus
165 861 383 925 expediet.
415 858 742 909 Collaudatus
768 859 827 909 ab
853 858 1052 909 consule
1074 896 1089 918 ‚
1123 875 1331 927 accepto

61 923 276 990 praefidio
310 925 442 977 vadit
475 925 703 976 occultus
736 943 821 992 per
850 925 1022 975 saltum
1045 944 1055 974 :
1076 941 1164 975 nec
1193 926 1328 993 prius

62 991 122 1040 ab
160 990 293 1041 hoste
329 991 394 1042 est
429 991 588 1052 visus»,
616 991 765 1060 quarn
795 992 909 1041 loco
949 1008 1098 1059 quem
1131 991 1328 1059 petebat

64 1057 487 1125 appropinquavit.
524 1057 645 1107 Inde
680 1057 999 1109 admiratione
1070 1059 1328 1109 aventibus

64 1122 252 1173 cunstis
270 1160 284 1183 ‚
308 1141 463 1191 quum
485 1124 702 1174 omnium
728 1125 775 1174 in
811 1126 856 1174 se
878 1076 1091 1175 vertiss{t
1117 1123 1290 1174 oculos
1310 1161 1329 1184 a

63 1191 115 1239 δε
152 1190 356 1255 spatium
384 1190 569 1241 consuli
605 1190 743 1240 dedit
768 1190 827 1242 ad
855 1190 1224 1241 subducendum
1247 1204 1332 1257 ag-

62 1269 174 1305 men
211 1255 257 1305 in
297 1257 559 1323 aequiorem
596 1256 803 1316 locum,
835 1259 885 1307 δε
922 1258 1019 1326 ipse
1053 1257 1102 1306 in
1137 1258 1328 1307 summo

64 1321 278 1371 constitit
302 1323 502 1374 vertice.
530 1325 768 1374 Samnites
792 1323 910 1373 dum
932 1323 1031 1373 huc
1060 1322 1175 1374 illuc
1201 1321 1334 1390 figna

62 1402 292 1448 vertunt,
325 1389 576 1457 utriusque
615 1390 686 1440 rei
727 1389 894 1439 amissa
929 1389 1214 1451 occafione,
1244 1405 1333 1440 ne-

61 1471 159 1522 que
191 1455 378 1524 insequi
419 1454 702 1516 consulem,
735 1456 818 1505 nist
855 1473 940 1524 per
976 1456 1194 1505 eamdem
1230 1455 1334 1505 val-

61 1520 158 1571 lem
191 1560 203 1582 ,
243 1522 290 1571 in
321 1539 419 1589 qua
452 1522 598 1592 paulo
635 1521 745 1572 ante
777 1522 1046 1588 subjestum
1074 1539 1187 1572 eum
1220 1521 1332 1572 telis

64 1587 158 1637 suis
180 1588 449 1640 habuerant
470 1627 485 1649 ‚
520 1588 711 1656 poffunt
730 1613 744 1650 3
766 1606 856 1638 nec
879 1591 1064 1656 erigere
1090 1604 1262 1656 agmen
1283 1588 1333 1638 in

63 1668 261 1722 captum
285 1656 424 1723 super
446 1658 490 1705 se
514 1655 572 1706 ab
595 1656 753 1706 Decio
773 1655 1032 1705 tumulum.
1060 1655 1154 1705 Sed
1177 1672 1332 1722 quum

63 1718 134 1770 ira
163 1720 212 1770 in
245 1721 336 1771 hos
370 1723 524 1789 magis
550 1761 565 1783 ,
603 1722 689 1789 qui
721 1720 967 1772 fortunam
1008 1721 1228 1788 gerendae
1263 1722 1334 1771 rei

66 1786 373 1855 eripuerant,
396 1802 501 1838 tum
535 1789 874 1856 propinquitas
903 1787 998 1837 loci
1019 1827 1034 1849 ,
1059 1804 1206 1856 atque
1235 1787 1336 1853 ipsa.

66 1853 284 1921 paucitas
308 1853 577 1905 incitatz&
608 1871 740 1905 nunc
777 1853 1080 1905 circumdare
1113 1852 1338 1921 undique

68 1919 247 1970 collem
277 1926 469 1972 armatis
505 1921 681 1973 volunt
702 1960 714 1980 ,
745 1935 802 1970 ut
833 1921 859 1970 a
894 1919 1092 1970 consule
1122 1917 1337 1970 Decium

65 1985 397 2038 intercludant
432 2010 446 2048 3
481 2005 612 2038 nunc
644 1987 772 2038 viam
805 1986 1080 2054 patefacere
1108 2024 1126 2047 ,
1161 2000 1218 2037 ut
1253 1984 1340 2037 de-

66 2052 246 2119 greffos
267 2053 316 2103 in
335 2053 508 2105 vallem
530 2054 825 2104 adoriantur.
849 2053 1063 2103 incertos
1086 2052 1207 2120 quid
1228 2067 1341 2120 age-

67 2135 210 2180 rent,
247 2136 345 2170 nox
375 2121 615 2187 oppressit.
646 2120 861 2170 Decium
889 2117 1098 2189 primum
1127 2120 1230 2185 spes
1261 2134 1351 2170 te-

67 2187 174 2236 nuit
191 2225 204 2246 ,
229 2203 341 2237 cum
367 2187 687 2238 subeuntibus
714 2186 764 2237 in
796 2185 1048 2238 adversum
1071 2184 1249 2235 collem
1274 2202 1338 2236 ex

66 2252 311 2319 superiore
333 2253 445 2302 loco
473 2255 516 2302 se
546 2267 875 2321 pugnaturum
897 2271 906 2302 :
928 2250 1102 2302 deinde
1131 2250 1337 2302 admira-

69 2318 140 2368 tio
168 2319 390 2379 incesfit,
405 2319 543 2386 qub'd
569 2336 658 2369 nec
682 2334 891 2389 pugnam
914 2318 1094 2368 inirent
1115 2355 1131 2377 ,
1154 2334 1246 2368 nec
1263 2357 1279 2379 ,
1301 2315 1337 2366 fi

68 2383 127 2435 ab
163 2403 224 2436 eo
263 2385 463 2436 confilio
501 2385 764 2453 iniqu-itate
796 2385 895 2435 loci
933 2385 1297 2435 deterrerentur
1317 2420 1339 2445 „

122 2503 142 2527 2
172 2492 359 2584 Princifes
389 2490 666 2546 Hastatosque]
721 2507 930 2535 numerum
946 2494 1158 2536 hominum
1179 2491 1333 2533 circiter.

63 2546 125 2582 De
150 2544 210 2581 his
238 2548 276 2583 vi
308 2573 317 2583 .
344 2551 458 2596 ΥΙΙΙ.
489 2545 669 2586 8.,ὶηῑῐὲ.
725 2560 844 2599 2400.

64 2601 155 2637 Duo
174 2598 248 2639 issa
262 2612 430 2654 corpora
452 2596 674 2642 efficiebant
