1680 3110
260 149 345 228 78

641 148 719 212 T.
808 151 1168 215 L1v11

45 231 415 295 v,c2391.licoso
445 222 665 301 populo,
697 238 839 290 (nam
869 234 988 284 circi
1023 235 1175 286 modo
1210 236 1545 304 spectaculum

48 302 238 345 ‹mc-36¹»
265 298 470 364 fuerat)
510 299 636 348 inter
675 298 766 349 alia
800 301 1017 352 coelestis
1052 302 1134 352 irae
1165 302 1430 370 placamina
1464 306 1549 356 in·-

264 365 422 419 stituti
463 364 711 416 dicuntur.
752 367 994 420 Ceterum
1034 387 1181 436 parva
1223 388 1462 439 quoque,
1487 386 1551 425 ut

263 433 421 485 ferme
447 433 684 501 principia
707 435 867 485 omnia
886 475 900 497 ‚
925 438 975 488 δε
997 452 1051 487 ea
1073 435 1088 486 i
1128 437 1171 487 sa
1194 439 1447 504 peregrina
1469 456 1550 490 res

264 500 380 552 fuit.
414 507 430 541 3
462 500 573 551 Sine
606 501 818 552 carmine
850 502 987 561 ullo,
1019 512 1046 545 4
1092 521 1169 553 me
1199 503 1552 558 imitandorum

259 565 537 618 carminum
578 571 721 631 actu,
761 568 987 621 ludiones
1033 588 1093 621 ex
1130 571 1323 621 Etruria
1366 574 1551 635 acciti,

262 634 330 686 ad
359 632 576 685 tibicinis
619 636 793 686 modos
822 636 1044 688 saltantes
1080 676 1095 698 ,
1125 637 1259 689 haud
1289 638 1555 690 indecoros

268 716 439 759 motus
466 719 602 752 more
633 705 795 754 Tusco
815 704 1010 757 dabant.
1044 704 1222 755 imitari
1255 704 1431 756 deinde
1465 723 1555 757 eos

263 768 537 836 juvenum,
587 768 724 820 simul
763 770 1029 822 inconditis
1067 771 1196 822 inter
1233 773 1280 822 se
1315 773 1556 838 jocularia.

267 835 535 888 fundentes
568 835 783 888 versibus
803 876 816 899 ‚
846 855 1049 907 coepere
1068 858 1084 899 ς
1103 855 1194 889 nec
1219 838 1431 891 absonia
1464 859 1556 892 vo·-

269 921 330 955 ce
367 917 532 953 motus
574 919 724 954 erant.
763 908 985 974 Accepta
1020 906 1187 973 itaque
1223 923 1328 969 res,
1368 907 1555 975 saepius-

268 988 374 1039 que
406 970 684 1038 usurpando
721 972 961 1024 excitata:
998 982 1020 1016 5
1054 972 1330 1025 vernaculis
1359 974 1558 1025 artifici-

269 1038 401 1100 bus,
440 1039 556 1106 quia
601 1037 748 1089 hister
788 1041 950 1090 Tusco
979 1040 1133 1091 verbo
1164 1040 1304 1091 ludio
1344 1041 1560 1093 vocaba-

271 1120 388 1163 tur,
427 1122 607 1156 nomen
635 1105 964 1158 ‚histrionibus
1002 1107 1247 1158 inditum:
1290 1108 1376 1175 qui
1418 1127 1518 1160 non
1542 1146 1562 1171 ,

273 1171 400 1223 ficut
444 1172 555 1223 ante
595 1211 610 1234 ,
658 1173 679 1207 ⁶
726 1175 1018 1225 Fescennino
1054 1176 1195 1226 versu
1240 1173 1442 1226 fimilem
1479 1177 1562 1226 in·-

271 1238 602 1307 compofitum
645 1240 830 1292 temere
867 1259 923 1292 ac
965 1241 1138 1292 rudem
1177 1240 1376 1292 alternis
1417 1243 1564 1307 jacie=¹

273 1305 429 1367 bant;
475 1305 556 1356 sed
598 1306 821 1375 impletas
859 1308 1017 1360 modis
1054 1316 1076 1349 7
1125 1309 1338 1371 saturaS,
1384 1308 1567 1361 descri-

271 1388 365 1444 pto
381 1373 479 1442 jam
499 1372 560 1427 ad
579 1373 836 1427 tibicinem
857 1391 1006 1430 cantu
1020 1390 1262 1446 motuque
1281 1392 1563 1446 congruen-

278 1537 361 1576 ὅτε.
390 1535 504 1576 Stena
521 1548 654 1578 autern
670 1538 827 1591 proprie
844 1538 896 1578 est

278 1591 560 1630 umbraculum
577 1606 621 1630 ex
641 1597 759 1631 ramis
779 1595 895 1632 arbo-

278 1657 371 1696 rum
405 1649 575 1685 curvatis
607 1675 619 1695 ‚
661 1649 700 1685 ὃ(
731 1651 830 1686 inter
861 1648 897 1686 se

279 1697 422 1737 mutuo
447 1700 649 1752 implicitis
672 1700 820 1740 facium
837 1730 848 1746 ,
875 1700 897 1739 ἐι

274 1754 366 1795 exani
381 1752 525 1792 umbra.
546 1757 748 1801 Quoniam
766 1767 897 1794 autem

279 1804 322 1847 i'n
344 1807 536 1860 ejusmodi
558 1808 800 1848 umbraculis
824 1812 896 1848 At-

281 1865 360 1903 ssica
377 1863 553 1913 juven-tus
572 1863 793 1902 inconditos
814 1877 898 1902 ver-

283 1917 344 1955 sus
383 1918 508 1968 jacere
550 1929 751 1969 coeperat,
779 1915 867 1955 ideo
886 1945 898 1964 ‚

284 1969 495 2023 postquam
536 1970 648 2010 ludus
692 1975 733 2009 in
776 1983 902 2009 artem

285 2028 405 2064 vertit
421 2052 432 2072 ‚
450 2025 557 2075 scena
582 2038 738 2077 quoque
761 2037 902 2064 vocata

286 2078 339 2120 est
367 2092 456 2131 pars
484 2078 628 2117 theatri
655 2079 745 2118 velo
774 2080 872 2117 tetsta
889 2107 902 2127 ‚

286 2135 329 2172 in
371 2146 449 2185 qua
497 2131 701 2172 histriones
750 2131 905 2172 fabulas

287 2187 473 2240 agebant.

351 2255 364 2288 3
390 2242 477 2279 Sine
495 2241 654 2279 carmine
671 2239 777 2289 ullo]
799 2239 904 2285 Quia

290 2298 481 2336 nimirum
506 2295 634 2333 versus
657 2293 789 2346 linguei
806 2295 903 2332 Tus-

293 2349 337 2388 ca
361 2350 609 2402 pronunciari
628 2378 640 2396 ,
672 2348 694 2386 a
712 2351 905 2389 Romanis

292 2403 478 2443 intellecti
505 2415 585 2441 non
610 2400 779 2442 fuissent.

347 2473 374 2505 4
416 2457 502 2496 Sine
533 2456 797 2494 imitandorum
828 2470 906 2494 car-

291 2512 439 2551 minum
477 2508 598 2559 aHu]
644 2510 770 2549 Nullo
803 2509 907 2562 gestu

294 2577 485 2617 motuque
502 2614 511 2618 -
526 2567 701 2616 corporis
732 2593 744 2612 ,
783 2565 909 2616 qualis

295 2621 481 2658 comitari
532 2621 710 2658 carmina
735 2647 748 2667 ,
785 2619 907 2673 iisque

297 2672 527 2727 xefpondere
554 2672 681 2713 debet.

1006 1549 1022 1586 5
1066 1539 1293 1580 Vernaculis
1324 1537 1565 1590 artificibus]

953 1593 1184 1632 Domesticis
1199 1623 1210 1641 ‚
1237 1594 1276 1632 id
1299 1592 1351 1630 est
1367 1622 1378 1640 ‚
1409 1597 1566 1631 Roma-

954 1650 1012 1685 nis
1038 1647 1291 1695 ludionibus,
1321 1644 1396 1685 five
1424 1647 1568 1685 actori-

954 1701 1038 1739 bus.

1010 1761 1033 1791 6
1062 1753 1279 1806 Fescennino
1302 1751 1444 1804 versic]
1479 1756 1567 1792 Me-

956 1806 1030 1846 lius
1045 1807 1202 1859 versum.
1222 1809 1410 1858 Nonjam
1425 1819 1569 1846 temere

955 1862 1153 1915 jaciebant
1190 1858 1495 1912 incompositum
1526 1874 1572 1901 ac

957 1915 1094 1956 rudem
1120 1916 1276 1954 versum
1295 1943 1306 1963 ,
1326 1912 1575 1966 similemque*

957 1971 1203 2010 Fescennino.
1235 1974 1359 2008 Porro
1383 1967 1574 2021 Fescenni-

957 2038 1026 2063 nus
1046 2025 1173 2063 versus
1193 2021 1215 2060 ὲ
1233 2024 1570 2062 FescenniaJ-:tru-

961 2080 1026 2116 riae
1051 2077 1147 2116 urbe
1170 2077 1291 2115 distus
1318 2074 1371 2114 est
1390 2103 1401 2122 ‚
1431 2088 1475 2113 ex
1494 2088 1573 2128 qua

961 2136 1137 2172 Romam
1170 2129 1221 2169 est
1246 2130 1402 2168 allatus.
1438 2133 1496 2167 De
1525 2143 1574 2168 eo

958 2185 1039 2226 vid.
1064 2190 1166 2224 Hor.
1185 2187 1225 2222 in
1245 2188 1310 2235 Ep.
1338 2194 1372 2219 1.
1392 2182 1492 2221 1.11.

1005 2252 1029 2286 7
1048 2240 1237 2287 saturas]
1260 2240 1398 2276 Satura
1414 2236 1574 2289 proprie

958 2305 1071 2332 notat
1101 2293 1254 2331 lancem
1288 2289 1468 2330 onustam
1499 2290 1576 2330 uva

959 2346 1068 2400 passa
1091 2375 1103 2396 ,
1133 2344 1292 2398 polenta
1317 2373 1330 2393 ‚
1366 2346 1406 2382 ὃ(
1440 2346 1574 2382 omni-

961 2401 1059 2455 gena
1098 2402 1282 2440 ciborum
1325 2412 1369 2437 ac
1413 2396 1578 2450 frugum

961 2458 1150 2495 varietate
1168 2483 1179 2502 ,
1208 2466 1292 2506 quae
1322 2453 1437 2490 sacris
1461 2456 1577 2492 Cere·-

964 2512 1015 2549 τίς
1044 2508 1298 2548 inferebatur.
1327 2506 1418 2545 Inde
1439 2504 1483 2545 eei
1501 2520 1576 2546 vo-

965 2578 1006 2602 ce
1037 2562 1231 2615 defignata
1259 2559 1309 2599 est
1338 2573 1468 2598 rerum
1498 2562 1577 2599 mi·-

961 2617 1063 2657 stuta
1089 2616 1268 2670 quaedam
1295 2617 1334 2654 δέ
1361 2611 1465 2667 quasi
1489 2613 1576 2652 far-

961 2684 1061 2726 rago
1084 2687 1097 2721 3
1123 2685 1167 2711 ac
1197 2682 1318 2723 porro
1345 2681 1462 2722 genus
1493 2668 1576 2709 hoc
