1680 3110
301 396 468 449 forum
487 405 766 457 ornandum
786 408 1137 469 dividerentur.
1160 422 1272 474 inde
1296 442 1461 480 natum
1484 433 1578 484 ini-

300 464 427 513 tium
460 465 644 520 dicitur
676 471 771 523 fori
800 482 1003 532 ornandi
1033 483 1091 534 ab
1118 487 1335 541 aedilibus
1361 530 1377 554 ‚
1421 515 1577 565 quum

295 538 323 570 7
360 529 542 585 thensae
573 535 890 597 ducerentur.
925 551 987 598 Et
1018 553 1220 619 Roman-i
1290 559 1455 612 uidem
1477 605 1487 624 ,
1515 566 1576 616 ad

300 595 544 652 honorem
577 602 724 657 det'im
744 648 760 670 ‚
796 610 1061 679 insignibus
1093 623 1236 672 armis
1305 626 1477 682 ostium
1510 631 1578 684 ufi

109 661 425 718 Savffltessunt,
461 670 745 738 Campani,
783 677 843 727 ab
881 681 1103 750 superbia
1140 690 1194 738 δε
1231 691 1349 742 odio
1386 697 1578 748 Samni-

87 710 264 796 {ffffud‘m‘
302 730 460 794 tium,
487 736 508 769 8
548 737 842 804 gladiatores
874 747 1053 816 (quod
1086 753 1411 820 spectaculum
1445 764 1575 816 inter

299 798 468 866 epulas
509 812 639 865 erat)
673 824 735 858 eo
773 827 950 865 ornatu
989 834 1236 872 armarunt
1266 862 1278 883 ‚
1315 835 1340 866 9
1381 830 1576 881 Samni-

296 865 524 937 tiumque
567 875 766 926 nomine
806 882 1176 949 compellarunt.
1225 890 1410 943 Eodem
1445 914 1577 949 anno

297 930 414 985 cum
441 936 646 1005 reliquis
671 943 985 999 Etruscorum
1011 950 1070 1002 ad
1097 955 1336 1007 Perufiam
1356 971 1373 1020 ,“
1395 980 1499 1029 quae
1523 968 1575 1016 &

218 993 222 997 ’
297 998 399 1067 ipsa
430 1000 739 1060 induciarum
771 1011 915 1064 fidem
948 1034 1004 1066 ru
1043 1035 1174 1080 erat,
1202 1023 1372 1076 Fabius
1402 1030 1574 1081 consul

297 1081 392 1118 nec
416 1067 565 1122 dubia
584 1110 598 1133 ,
621 1090 713 1125 nec
736 1075 924 1131 difficili
946 1036 1152 1136 vigori&
1174 1087 1393 1144 dimicat.
1414 1095 1573 1163 ipsum

297 1151 363 1200 op
402 1134 537 1187 idum
562 1140 716 1203 (nam
749 1145 810 1195 ad
839 1150 1026 1202 moenia
1057 1153 1215 1205 vietor
1243 1160 1467 1225 accessit)
1493 1181 1570 1215 ce-

296 1201 346 1270 pi
387 1217 436 1252 et
454 1242 470 1264 ,
493 1204 543 1253 ni
566 1205 715 1274 legati
737 1210 971 1266 dedentes
996 1217 1165 1270 urbem
1193 1223 1408 1277 exiffent.
1443 1231 1572 1281 Prae-

295 1266 418 1318 fidio
451 1272 652 1325 Perufiae
692 1277 918 1356 impofito
950 1321 962 1343 ,
1001 1284 1328 1352 legationibus
1367 1297 1573 1349 Etruriae

294 1334 562 1388 amicitiam
591 1345 873 1407 petentibus
903 1365 997 1416 prae
1030 1354 1076 1403 se
1111 1356 1311 1408 Romam
1342 1359 1402 1410 ad
1432 1363 1569 1415 sena-

295 1412 402 1452 tum
436 1404 617 1467 miffm,
658 1411 829 1463 consul
866 1416 1189 1484 praestantiore
1228 1425 1375 1476 etiam
1417 1429 1569 1497 quam

295 1466 508 1521 dictator
536 1474 743 1527 victoria
780 1478 1085 1550 triumphans
1119 1487 1291 1542 urbem
1324 1491 1391 1542 est
1422 1495 1568 1548 inve-

297 1533 421 1586 etus.
458 1539 598 1603 Quin
635 1543 781 1594 etiam
815 1546 1121 1603 devictorum
1158 1559 1448 1611 Samnitium
1483 1563 1570 1614 de-

294 1616 385 1653 cus
416 1620 584 1671 magna
617 1625 677 1658 ex
701 1626 837 1678 parte
869 1614 928 1665 ad
952 1617 1166 1685 legatOS,
1190 1623 1245 1674 P.
1275 1628 1488 1680 Decium
1510 1634 1566 1682 &

294 1669 365 1717 Μ.
397 1670 680 1737 Valerium,
709 1677 777 1728 est
812 1685 1034 1735 versum:
1057 1704 1183 1754 quos
1213 1693 1424 1758 populus
1452 1715 1568 1764 pro-2

293 1733 440 1785 ximis
462 1740 678 1793 comitiis
703 1743 889 1812 ingenti
918 1753 1150 1804 consensu
1175 1759 1424 1810 consulem
1447 1762 1569 1814 alte-

84 1833 121 1870 U
146 1843 166 1870 c
240 1847 254 1879 ς
295 1817 435 1862 rum,
461 1804 667 1858 alterum
692 1827 944 1877 praetorem
967 1816 1246 1873 declaravit.

81 1846 275 1926 asesssgi
362 1872 487 1923 XLI.
506 1874 651 1925 Fabio
677 1876 743 1927 ob
768 1881 963 1948 effregit}
984 1885 1305 1951 perdomitam
1325 1892 1569 1949 Etruriam

82 1930 179 2009 b‚Q
200 1932 273 2011 IFra'
297 1937 617 1991 continuatur
644 1919 925 1999 consulatus
944 1954 1158 2004 :Decius
1186 1956 1374 2025 collega
1404 1960 1566 2014 datur.

84 1978 275 2061 13¹‚013Iec5'0
295 2002 521 2055 Valerius
563 2024 740 2076 praetor
786 2014 1014 2082 quartum
1059 2036 1265 2073 creatus.
1323 2029 1569 2080 Consules

82 2070 133 2107 31·
153 2068 259 2110 cois.
290 2070 458 2136 partiti
497 2076 790 2140 provincias,
839 2084 1029 2134 Etruria
1065 2088 1224 2139 Decio
1254 2127 1270 2150 ‚
1315 2093 1565 2147 Samnium

340 2197 365 2226 6
388 2195 735 2249 „Argentariarumj
761 2198 900 2239 Offici-
954 2203 1063 2243 mum
1094 2206 1183 2246 loco
1208 2208 1445 2261 gladiatores
1475 2228 1560 2256 me-

287 2255 458 2291 narum,
478 2248 518 2284 in
546 2249 686 2300 quibus
718 2265 900 2304 argentea
954 2271 1086 2297 morat
1115 2263 1255 2301 Livius.

287 2298 381 2336 vasa
409 2298 653 2341 fabricantur
671 2331 683 2350 ,
715 2307 754 2343 ὃ(
778 2320 897 2346 vena-
1005 2325 1026 2356 9
1053 2314 1309 2367 Samnitium]
1335 2321 1450 2372 Apud
1471 2326 1558 2363 Ro-

287 2349 343 2389 lia
370 2352 557 2403 prostant.
588 2360 741 2396 Harum
772 2361 899 2400 rursus
954 2377 1092 2404 manos
1115 2380 1271 2421 quoque
1295 2372 1374 2411 hoc
1399 2380 1565 2418 nomine

287 2408 529 2446 mentionem
584 2408 678 2449 facit
733 2414 861 2454 Livius
880 2443 892 2463 ‚
950 2417 1187 2469 gladiatores
1241 2422 1556 2476 designabantur.

288 2460 432 2496 XXVI.
454 2472 519 2501 27.
542 2464 582 2500 δε
607 2467 683 2502 XI..
704 2476 766 2507 51.
951 2475 1090 2510 Horat.
1109 2477 1173 2525 Ep.
1189 2487 1226 2512 2.
1242 2476 1268 2513 1.
1288 2482 1338 2516 ΙΙ.
1355 2480 1559 2529 Caedimur‚

341 2523 364 2556 7
381 2510 558 2564 Theas‘ae]
581 2517 670 2555 vid.
689 2531 770 2557 not.
794 2531 827 2557 1.
844 2520 895 2560 ad
952 2530 1005 2568 φ’
1036 2528 1190 2564 totidem
1220 2528 1342 2582 plagis
1381 2534 1560 2584 confimal-

285 2575 321 2603 ς.
348 2576 413 2613 41.
437 2562 538 2606 LV.
949 2591 1031 2615 mus
1054 2577 1211 2632 hostem,
1238 2586 1344 2621 Lento
1371 2586 1561 2629 Samnites

340 2618 361 2654 8
399 2618 669 2676 Gladiatores]
702 2630 787 2667 Hoc
813 2630 892 2681 pri-
948 2630 1000 2669 ad
1028 2629 1170 2672 lumina
1193 2636 1313 2691 prima
1337 2637 1471 2680 duello.
