1680 3110
339 139 463 220 308
734 137 808 198 T.
890 139 942 200 L
986 160 1012 200 ι
1048 162 1093 203 v
1134 163 1159 204 1·
1200 164 1228 204 1

122 239 213 276 uc.
226 251 315 283 449.
337 219 675 286 vitatibusque
698 256 713 280 ‚
742 221 763 253 ⁶
794 220 1038 272 ηοξὶυτηο
1070 224 1258 284 altero,
1291 221 1445 273 altero
1473 216 1614 270 coro-2

124 287 312 332 ³-C-303·
341 286 428 336 niae
460 284 771 338 deducendae.
819 287 1061 338 Ceterum
1093 290 1182 354 (id
1205 289 1341 359 quod
1367 285 1497 338 haud
1520 285 1615 336 dis-
1669 349 1673 355 ·

341 366 507 420 crepat
534 359 549 409 )
608 353 916 403 contumacia
961 354 1191 407 adversus
1244 365 1616 407 contemnentes

340 418 671 468 humilitatem
695 420 824 468 suam
853 419 1040 471 nobiles
1074 422 1295 473 certavit.
1322 432 1344 463 ⁷
1371 420 1515 471 civile
1538 417 1618 483 jus

341 483 604 551 repositum
638 484 687 533 in
722 486 1053 552 penetralibus
1088 488 1379 558 pontificum
1415 484 1618 551 evulga-

343 551 417 600 vit
442 588 456 611 ,
496 553 514 584 ⁸
558 550 799 620 fastosque
841 554 969 603 circa
1007 554 1169 606 forum
1206 557 1254 606 in
1286 553 1400 604 albo
1438 568 1619 619 propo-

344 617 439 667 suit
461 653 476 676 ‚
513 632 568 668 ut
593 656 606 677 ,
638 628 660 660 9
696 619 894 686 quando
922 621 1029 688 lege
1061 623 1136 688 agi
1167 621 1350 690 poffet‚
1382 618 1617 669 sciretur:

345 682 498 734 aedem
530 684 824 736 Concordia?
855 688 905 736 in
938 705 1047 738 area
1079 688 1291 739 Vulcani
1329 682 1510 738 summa
1547 683 1621 732 in-

346 749 478 802 vidia
504 750 745 801 nobilium
768 752 1041 816 dedicavit,
1066 755 1270 805 coafitus
1301 771 1360 804 ue
1384 750 1619 801 consensu
1668 774 1677 782 ·

345 816 515 886 populi
551 817 818 869 Cornelius
851 820 1087 871 Barbatus
1123 822 1261 888 ponti
1287 837 1345 871 ex
1379 818 1620 869 maximus

349 893 400 917 ¹0
424 883 570 935 verba
593 885 757 952 praeire
774 924 790 946 ,
818 905 973 953 quum
998 906 1132 939 more
1156 889 1620 955 majorumnega'ret

346 950 431 1000 nisi
459 950 712 1000 consulem<
740 967 826 1003 aut
855 953 1200 1021 imperatorem
1226 953 1354 1022 posse
1379 949 1620 1018 templum

345 1017 587 1068 dedicare.
621 1021 797 1085 Itaque
831 1036 889 1069 ex
925 1020 1215 1072 auctoritate
1247 1017 1435 1072 senatus
1465 1017 1620 1067 latum

346 1084 406 1135 ad
436 1083 673 1151 popu-lum
699 1084 765 1135 est
787 1124 800 1145 ,
827 1103 887 1137 ne
916 1088 1025 1155 quis
1059 1088 1295 1158 templum
1327 1100 1518 1137 aramve
1545 1083 1620 1133 in-

344 1150 468 1217 jussu
494 1151 682 1201 senatus
713 1160 797 1203 aut
821 1153 1132 1205 tribunorum
1161 1153 1319 1223 plebei
1351 1151 1500 1221 partis
1518 1167 1620 1200 ma-

347 1218 465 1284 joris
504 1217 767 1268 dedicaret.
813 1220 959 1271 Haud
997 1222 1360 1272 memorabilem
1398 1236 1501 1268 rem
1534 1233 1619 1285 per

349 1286 394 1334 se
429 1323 444 1344 ‚
481 1284 564 1334 nifi
597 1285 952 1337 documentum
990 1287 1045 1337 fit
1081 1286 1312 1339 adversus
1350 1284 1622 1354 superbiam

348 1350 591 1402 nobilium
621 1350 819 1419 plebeiae
849 1353 1121 1413 libertatis,
1153 1354 1375 1407 referam.
1411 1351 1492 1401 Ad
1522 1348 1622 1400 col-

349 1416 509 1484 legam
542 1432 721 1484 aegrum
742 1458 756 1479 ,
789 1419 973 1470 visendi
1006 1420 1150 1471 causei
1179 1460 1200 1482 ‚‚
1235 1419 1426 1471 Flavius
1466 1433 1622 1485 quum

349 1482 552 1535 venisset
565 1524 576 1544 ,
600 1486 933 1555 consensuque
951 1486 1195 1538 nobilium
1212 1485 1624 1546 adolescentium,

350 1550 439 1618 qui
472 1551 540 1599 ibi
574 1551 834 1602 affidebant
863 1591 878 1613 ‚
916 1553 1226 1604 assurreftum
1263 1556 1309 1605 ei
1343 1569 1443 1603 non
1477 1549 1626 1611 effet3

350 1616 576 1668 curulem
604 1616 761 1667 afferri
791 1620 950 1669 sellam
973 1619 1036 1672 eo
1058 1619 1216 1685 justit,
1246 1631 1291 1656 1¹
1322 1636 1379 1670 ac
1406 1616 1515 1668 sede
1537 1617 1629 1667 ho-
1667 1660 1673 1662 ,

350 1684 487 1734 noris
509 1683 579 1733 sui
602 1684 770 1735 anxios
791 1685 975 1738 invidia
997 1687 1225 1738 inimicos
1249 1684 1498 1754 spectavit.
1527 1685 1628 1734 Ce-

353 1748 515 1801 terum
541 1749 756 1801 Flavium
785 1751 974 1803 dixerat
1000 1753 1188 1804 aedilem
1217 1752 1416 1804 forenfis
1443 1749 1593 1801 factio
1611 1789 1629 1811 ,

353 1820 450 1884 Ap.
486 1816 685 1868 Claudii
716 1820 917 1869 censura
943 1820 1070 1873 vires
1098 1819 1234 1870 nasta
1255 1858 1270 1880 ‚
1301 1819 1387 1888 qui
1415 1819 1629 1867 senatum

353 1885 541 1952 primus
575 1893 623 1918 ³2
653 1883 1000 1937 libertinorum
1032 1887 1143 1938 filiis
1171 1886 1307 1937 lestis
1338 1885 1628 1955 inquinave-

411 1999 433 2027 6
475 1990 701 2042 NoHurno]
746 1996 962 2033 Triumviri

1017 1994 1332 2047 nefastorumque
1362 1996 1464 2032 ratio
1498 1994 1628 2032 conti-

352 2045 532 2084 nocturni
548 2046 731 2084 incendiis
742 2061 809 2099 pet
824 2049 962 2089 urbem

1017 2050 1195 2087 uebatur.
1215 2052 1275 2087 De
1291 2042 1426 2086 diebus
1441 2045 1545 2085 fastis
1559 2059 1629 2085 ne-

353 2098 528 2137 a.1·cendis
544 2112 747 2150 praeerant.

405 2163 430 2198 7
447 2151 572 2189 Civile
591 2155 683 2202 iu-s]
705 2155 812 2206 Legis
837 2155 960 2193 afflo-

355 2216 446 2243 nes:
469 2207 493 2242 i.
520 2218 553 2242 e.
577 2206 751 2246 solennes
776 2208 964 2259 quasdam

354 2257 551 2297 formulas
608 2259 632 2297 a
682 2262 965 2311 jurisconsultis

356 2310 621 2362 compositas„
653 2313 792 2364 quibus
813 2316 913 2352 inter
929 2315 966 2352 se

358 2365 540 2404 homines
575 2367 613 2403 in
654 2367 737 2413 jure
776 2366 965 2419 discepta-

359 2429 459 2459 tent.
487 2422 562 2458 Hic
587 2419 785 2459 actionum
814 2420 914 2459 liber
944 2420 968 2459 ὲ
994 2443 997 2445 -

361 2472 496 2511 Flavio
529 2471 729 2524 prolatus,
757 2476 820 2519 ius
855 2473 970 2514 civile

358 2524 588 2564 Flavianum
605 2527 889 2578 appellabatur.

419 2579 439 2615 8
472 2577 629 2630 fastos]
658 2580 936 2621 Kalendarium
955 2609 966 2628 ,

361 2643 442 2686 quo
477 2642 558 2672 tota
593 2632 744 2677 dierum
777 2633 968 2674 fastorum

1019 2101 1200 2155 fastisque
1227 2100 1308 2141 vid.
1340 2112 1425 2139 not.
1453 2113 1493 2146 7.
1518 2099 1568 2138 ad
1595 2104 1628 2138 1.

1025 2166 1086 2200 ¹9·

1052 2235 1053 2238 =
1075 2223 1095 2254 9
1119 2208 1290 2265 Quando
1309 2207 1385 2260 lege
1405 2206 1467 2254 agi
1485 2204 1629 2260 poffet]

1019 2263 1171 2309 Quibus
1195 2262 1329 2301 diebus
1354 2257 1502 2313 polsent
1530 2260 1630 2311 legi-

1020 2319 1126 2355 timae
1143 2317 1312 2355 actiones
1334 2313 1384 2352 ad
1403 2313 1630 2365 persequen-

1021 2369 1116 2408 dum
1145 2372 1204 2421 jus
1229 2370 1341 2407 suum
1370 2367 1520 2417 suscipi.

1077 2434 1131 2460 10-
1172 2421 1297 2460 Verba
1332 2420 1490 2473 praeire]
1534 2417 1628 2459 vid.

1021 2488 1106 2515 not.
1135 2489 1168 2522 3.
1191 2475 1240 2515 ad
1267 2479 1336 2514 1v.
1366 2485 1431 2510 21.

1079 2540 1092 2566 1
1109 2541 1122 2566 ι
1156 2534 1222 2568 ,Ac
1235 2527 1347 2579 secie]
1382 2529 1424 2564 Et
1446 2523 1466 2564 ὲ
1487 2523 1587 2563 sede.

1080 2593 1125 2618 ιι.
1149 2581 1442 2627 libertinorum]
1473 2577 1631 2617 Constat

1023 2637 1221 2678 Ciceronis
1283 2631 1527 2687 temporibus
1585 2644 1630 2671 as.
