1680 3110
266 135 397 216 366
669 135 1204 195 T.L1V11

52 234 240 279 {Le-453,
268 216 468 284 collegae
519 216 750 285 perrexit.
807 214 920 264 inde
970 214 1073 282 post
1113 233 1224 279 uam
1275 217 1547 281 Samnite&

51 283 243 329 a.c.294.
269 282 406 335 diffisi
435 282 631 333 duobus
661 281 962 330 exercitibus
988 280 1093 331 refii
1119 282 1132 330 i
1164 281 1322 348 poffe,
1345 283 1547 335 receffe-

105 485 220 519 Urbes

57 533 199 565 Samni-

56 581 143 612 tium
169 591 226 613 ca-

53 636 77 671 p
82 635 129 665 tal,

270 365 387 402 runt
421 373 433 409 3
469 347 644 398 diversi
677 346 903 398 consules
938 347 998 397 ad
1026 347 1278 399 vastandos
1302 364 1441 417 agros
1466 369 1549 403 ur-

274 417 455 481 besque
480 413 829 482 oppugnandas
854 413 1127 466 discedunt.

343 485 608 531 XXXIV.
645 480 926 532 Postumius
962 481 1235 532 Milioniam
1267 496 1553 550 oppugnare

277 547 482 600 adortus
503 587 517 609 ,
538 548 588 598 vi
608 547 772 617 primo
799 563 947 615 atque
969 549 1157 618 impetu
1172 588 1187 610 ,
1208 548 1415 610 deinde,
1435 549 1556 616 post-

279 634 428 684 quam
452 633 505 665 ea
530 634 700 683 parum
723 615 1086 684 procedebant,
1105 633 1254 684 opere
1274 633 1330 666 ac
1357 626 1372 650 ¹
1399 616 1567 673 vineis

275 684 476 733 demum
515 681 745 741 injunctis
785 700 928 732 muro
968 683 1115 750 cepit.
1162 683 1239 733 Ibi
1282 683 1422 751 capta
1458 686 1558 749 jam

277 749 399 801 urbe
419 790 432 811 ,
458 748 516 799 ab
551 749 671 799 hora
716 763 888 817 quarta
923 749 1077 816 usque
1111 748 1170 799 ad
1201 748 1423 802 oftavam
1453 748 1560 802 fere

274 817 451 868 horam
481 855 496 878 ,
539 816 767 867 omnibus
809 814 1030 882 partibus
1071 815 1207 866 urbis
1243 816 1328 867 diu
1365 817 1559 868 incerto

277 895 462 936 eventu
487 899 756 952 pugnatum
783 882 867 935 est.
893 881 1137 951 postremo
1162 883 1352 950 potitur
1373 883 1561 952 oppido

276 954 544 1003 Romanus.
584 950 877 1001 Samnitium
907 948 1008 999 caefi
1037 950 1128 1000 tria
1152 949 1303 1001 millia
1329 951 1562 1003 ducenti:

277 1018 411 1085 capti
440 1031 655 1087 quatuor
685 1016 833 1075 millia
864 1015 1065 1067 ducenti
1095 1056 1110 1078 ‚
1148 1031 1319 1084 praeter
1350 1018 1559 1085 praedam

283 1086 446 1137 aliam.
485 1086 606 1136 Inde
636 1085 948 1134 Ferentinum
980 1082 1135 1134 dustae
1163 1083 1399 1151 legiones,
1432 1084 1565 1137 unde

283 1152 517 1221 oppidani
547 1169 660 1201 cum
691 1150 920 1202 omnibus
957 1150 1102 1201 rebus
1136 1151 1231 1200 suis
1252 1189 1267 1211 ,
1303 1168 1410 1218 quae
1446 1150 1566 1204 ferri

283 1220 465 1288 agique
495 1232 768 1288 potuerunt
798 1255 813 1278 ‚
848 1216 992 1267 noete
1021 1234 1107 1286 per
1132 1219 1342 1267 aversam
1375 1233 1565 1285 portam

283 1283 478 1337 silentio
511 1283 831 1335 excesserunt.
870 1285 1031 1334 loitur
1059 1282 1196 1333 fimul
1224 1284 1422 1335 advenit
1446 1302 1569 1336 con-

285 1354 390 1415 sul,
412 1350 571 1420 primo
608 1352 674 1401 ita
710 1322 1010 1420 compoiitus
1038 1349 1396 1418 instruelusque
1431 1367 1568 1403 moe-

287 1420 437 1471 nibus
468 1418 689 1470 succeffit
714 1457 729 1480 ‚
764 1432 997 1485 tanquam
1020 1416 1182 1478 idem,
1213 1417 1350 1486 quod
1379 1417 1439 1469 ad
1473 1420 1570 1469 Mi..

285 1486 494 1539 lioniam
531 1484 693 1536 fuerat
722 1525 737 1547 ,
774 1483 1054 1535 certaminis
1089 1483 1259 1536 foret:
1296 1483 1473 1536 deinde
1510 1501 1570 1539 ut

287 1552 531 1606 filentium
555 1552 741 1605 vastum
765 1552 814 1603 in
838 1552 959 1603 urbe
979 1591 992 1612 ‚
1019 1568 1110 1602 nec
1135 1571 1263 1603 arma
1279 1591 1293 1614 ‚
1320 1570 1412 1604 nec
1435 1553 1571 1606 viros

289 1622 340 1673 in
376 1620 593 1673 turribus
625 1638 681 1671 ac
707 1620 864 1671 *muris
894 1619 1049 1682 vidit,
1075 1620 1274 1672 avidum
1308 1621 1570 1673 invadendi

288 1689 479 1741 deserta
514 1688 701 1738 moenia
731 1687 936 1738 militem
969 1686 1156 1737 detinet
1176 1726 1190 1748 ‚
1215 1705 1275 1738 ne
1308 1707 1455 1755 quam
1488 1706 1574 1740 oc-

293 1756 480 1809 cultam
506 1755 553 1805 in
585 1754 806 1806 fraudem
831 1755 1057 1805 incautus
1080 1769 1260 1805 rueret.
1297 1758 1432 1807 Duas
1465 1771 1574 1816 tur,-

294 1842 398 1876 :mas
436 1822 683 1873 sociorum
719 1821 875 1872 Latini
914 1822 1122 1872 nominis
1160 1821 1573 1891 circumequitare

298 1891 490 1942 moenia
522 1905 672 1957 atque
706 1888 958 1956 explorare
987 1888 1150 1939 omnia
1180 1888 1333 1954 jubet.
1370 1891 1577 1957 Equites

297 1973 492 2027 portam
524 1973 671 2007 unam
703 1955 1000 2024 alteramque
1033 1967 1053 1990 2
1090 1953 1259 2005 eadem
1294 1956 1492 2024 regione
1526 1958 1577 2008 in

299 2024 584 2103 propinquo
611 2038 829 2092 patentes
853 2022 1162 2073 consoiciunt
1180 2063 1192 2082 ,
1217 2022 1578 2091 itineribusque

300 2092 362 2142 iis
390 2090 591 2155 vestigia
617 2090 863 2141 nofiurnae
890 2072 1101 2141 hostium
1127 2087 1270 2156 fugae.
1293 2088 1582 2157 adequitant

299 2158 482 2208 deinde
505 2157 669 2208 sensim
692 2158 846 2226 portis
866 2195 882 2218 ‚
907 2156 1176 2224 urbemque
1208 2172 1267 2206 ex
1296 2170 1407 2207 tuto
1435 2157 1581 2208 rectis

303 2223 565 2279 itineribus
601 2224 819 2291 perviam
854 2223 1175 2291 conspiciunt.
1216 2221 1295 2271 Ad
1331 2224 1582 2275 consulem

308 2290 533 2344 referunt
554 2330 567 2351 ,
591 2290 834 2340 excessum
854 2291 976 2341 urbe
998 2288 1258 2340 solitudine
1280 2287 1411 2340 haud
1434 2289 1586 2341 dubia
1643 2299 1647 2306 '

309 2368 330 2403 3
358 2359 674 2427 perspicuum
710 2355 802 2408 effe
820 2397 832 2418 ‚
859 2359 910 2408 δε
938 2354 1221 2408 recentibus
1251 2354 1465 2424 vestigiis
1501 2355 1586 2410 fu-

363 2490 378 2516 1
403 2479 536 2518 Vin‘eis
553 2485 572 2530 ]
591 2477 683 2519 vid.
703 2490 786 2518 not.
810 2490 844 2516 1.
868 2477 918 2518 ad
973 2478 1015 2517 in
1036 2476 1170 2516 eadem
1196 2476 1303 2516 urbis
1326 2477 1498 2528 regione.

306 2536 360 2573 n.
384 2545 446 2580 17.
1027 2544 1042 2578 3
1072 2531 1294 2584 Perspicuum
1312 2530 1410 2582 effe]
1442 2534 1499 2570 Sic
1523 2534 1583 2570 in-

367 2599 387 2623 2
421 2587 562 2625 Eadem
599 2588 738 2639 regione
768 2585 808 2623 in
836 2595 917 2638 pro-
974 2595 1028 2624 tei:
1059 2583 1253 2636 ungendus
1303 2597 1347 2622 ac
1405 2582 1584 2636 legendus

303 2640 646 2695 pinqno]vicinas
661 2639 733 2684 sibi
749 2641 917 2681 invicem
973 2653 992 2680 e
1029 2653 1046 2678 e
1079 2639 1142 2678 hic
1172 2636 1278 2677 locus
1312 2637 1462 2680 videtur
1488 2655 1495 2676 2
1519 2650 1589 2683 earo,
