1680 3110
245 135 333 215 '56
623 131 1151 197 T.L1v11

33 238 122 272 uc.
138 234 223 279 373,
248 214 308 267 ad
331 214 523 284 plebem
541 250 559 277 ‚
581 215 720 287 quod
743 215 1124 287 haudquaquam
1146 218 1273 270 inter
1296 220 1345 272 id
1365 235 1521 289 genus

34 285 224 330 2·C·374-
251 297 450 333 contem
487 295 567 330 tor
597 299 715 353 ejus¹
735 281 1006 334 habebatur
1025 321 1038 343 ,
1063 284 1168 334 filiae
1191 286 1295 337 duae
1328 304 1524 355 nuptae,

246 351 352 400 Ser.
380 353 445 398 Su
468 347 600 413 picio
624 366 776 410 malot
797 388 810 409 ‚
837 351 997 400 minor
1021 355 1082 401 C.
1114 352 1303 403 Licinio
1326 354 1522 405 Stoloni

250 429 355 467 erat
373 452 388 474 ‚
423 414 592 464 illustri
618 416 820 482 quidem
843 417 952 468 viro
969 455 984 478 ‚
1010 431 1169 468 tamen
1195 419 1386 486 plebeio
1408 439 1419 469 z
1443 437 1525 470 ea·
1583 480 1586 483 ‚

250 498 350 550 que
377 480 472 548 ipsa
498 481 702 532 affinitas
737 482 867 532 haud
891 485 1044 550 spreta
1068 485 1269 551 gratiam
1293 487 1437 536 Fabio
1460 486 1524 538 ad

249 547 458 614 vulgum
481 547 740 613 quaefierat.
772 549 913 600 Foru?²
939 550 1004 601 ita
1026 550 1229 613 incidit,
1257 566 1314 602 ut
1343 553 1390 601 in
1419 557 1522 603 Ser.

246 613 457 681 Sulpicii
491 613 676 666 tribuni
707 615 916 665 militum
946 616 1094 667 domo
1126 619 1313 668 sorores
1340 619 1520 680 Fabiae,

251 698 408 748 quum
431 680 558 731 inter
580 683 625 730 se
659 685 678 742 (
701 697 756 731 ut
779 681 832 731 fit
854 684 873 745 )
908 683 1205 735 sermonibus
1231 700 1423 752 tempus
1444 701 1522 735 te-

249 761 417 799 xerent
433 786 449 808 ,
471 746 613 797 lictor
638 747 837 816 Sulpicii
862 788 875 809 ,
905 767 1061 817 quum
1085 750 1124 799 is
1148 750 1207 800 de
1231 750 1342 802 foro
1367 754 1411 802 se
1434 751 1526 802 do-

249 832 389 864 mum
438 814 680 882 reciperet
710 854 723 874 ,
766 814 925 866 forem
968 821 1059 880 (ut
1095 834 1202 866 mos
1245 818 1347 881 est)
1386 817 1528 885 virgi}

250 894 552 948 percuteret.
591 898 744 954 quum
782 882 844 932 ad
876 881 926 931 id
946 921 961 943 ‚
994 883 1146 933 moris
1175 882 1282 948 ejus
1318 884 1532 946 insueta,

253 946 518 1015 expavisset
555 964 714 997 mmor
742 948 881 998 Fabia
903 988 916 1008 ,
952 949 1066 1001 risui
1102 950 1254 1000 sorori
1289 949 1415 1012 fuit,
1439 950 1531 1000 mi-

253 1014 384 1066 tanti
420 1014 644 1082 ignorare
682 1012 731 1063 id
769 1016 997 1065 sororem.
1048 1016 1295 1081 Ceterum*
1329 1016 1371 1066 is
1407 1018 1529 1067 risus

248 1080 476 1132 >stimulos
513 1080 671 1148 parvis
711 1081 884 1131 mobili
918 1082 1064 1133 rebus
1099 1083 1259 1133 animo
1297 1082 1527 1133 muliebri

252 1146 472 1198 subdidit
509 1166 519 1197 :
552 1146 831 1215 frequentia.
862 1167 1063 1216 quoq-ue
1095 1150 1531 1218 prosequentium,

249 1214 634 1282 ·10gantiumque
658 1230 792 1287 ⁸num
831 1215 949 1282 quid
987 1215 1138 1266 vellet
1168 1253 1184 1275 ‚
1231 1216 1383 1266 credo
1426 1215 1531 1265 for-

252 1295 490 1333 tunatum
528 1281 896 1331 matrimonium
930 1281 976 1331 ei
1012 1282 1193 1332 sororis
1220 1283 1412 1344 visum3
1438 1282 1534 1333 sui-

256 1365 357 1416 que
391 1347 539 1416 ipsam
565 1387 582 1407 ,
606 1355 625 1389 3
663 1347 789 1398 malo
822 1347 1026 1399 arbitrio
1047 1388 1061 1411 ‚
1099 1367 1201 1416 quo
1234 1348 1260 1399 a
1294 1348 1533 1414 proximis

297 1415 467 1483 uisque
491 1413 691 1465 minime
713 1414 884 1466 anteiri
906 1414 1015 1467 vul-t
1030 1454 1045 1477 ,
1070 1413 1370 1483 poenituisse.
1393 1418 1534 1467 Con-

252 1434 418 1534 :cfiusam
448 1498 552 1531 eam
576 1497 633 1531 ex
657 1482 842 1531 recenti
866 1483 1028 1533 morsu
1061 1482 1240 1542 animi,
1273 1501 1426 1550 quum
1453 1500 1537 1549 pa-

258 1564 338 1600 ter
373 1546 502 1597 forte
536 1544 758 1608 vidisset,
795 1547 1167 1615 percunctatus»,
1179 1552 1323 1611 satin'
1346 1549 1536 1613 salvae,

256 1625 288 1659 4
311 1628 614 1666 avertentem
636 1615 824 1664 causam
849 1614 1032 1665 doloris
1070 1619 1084 1674 (
1105 1615 1286 1682 quippe
1310 1632 1398 1665 nec
1423 1616 1536 1665 satis

257 1681 391 1754 piam
421 1678 649 1732 adversus
681 1681 895 1731 sororem
915 1719 930 1742 ‚
963 1698 1053 1731 nec
1086 1681 1350 1731 admodum
1379 1682 1427 1731 in
1461 1682 1536 1732 vi-

257 1766 374 1800 rum
402 1745 765 1811 honorificam)
802 1746 973 1798 elicuit
991 1786 1005 1808 ,
1037 1748 1244 1797 comiter
1287 1748 1536 1798 sciscitan-

260 1815 330 1866 do
352 1854 370 1877 ,
398 1830 454 1867 ut
495 1812 734 1864 fateretur
764 1852 782 1875 ‚
819 1832 924 1865 eam
960 1811 1051 1864 effe
1087 1816 1276 1865 causam
1314 1813 1539 1875 doloris,

263 1881 406 1950 quod
423 1880 586 1946 juncta
602 1879 772 1948 impari
794 1879 910 1931 effet
924 1919 939 1941 ‚
959 1894 1106 1950 nupta
1126 1882 1174 1930 in
1194 1880 1344 1931 domo
1358 1920 1372 1943 ,
1390 1898 1542 1947 quam

262 1965 360 1999 nec
393 1948 554 1999 honos
577 1983 593 2006 ,
623 1964 715 1997 nec
747 1947 900 2014 gratia
931 1947 1112 1998 intrare*
1142 1947 1309 2016 poffet.
1351 1950 1543 1999 Conso-

263 2015 370 2066 lans
390 2016 503 2067 inde
524 2013 671 2064 filiam
703 2013 968 2065 Ambustus
989 2053 1005 2076 ,
1039 2017 1201 2064 bonum
1225 2016 1429 2064 animum
1452 2019 1540 2064 ha·-

266 2085 369 2133 here
402 2081 544 2148 juffit.
576 2082 743 2145 eosdem
772 2084 1029 2149 propediem
1064 2084 1185 2131 domi
1216 2083 1421 2144 visuram
1459 2085 1542 2130 ho-

266 2168 396 2199 nores
421 2185 437 2208 ,
474 2168 583 2215 quos
612 2149 732 2213 apud
747 2151 946 2213 finem-‘em
978 2150 1157 2199 videat.
1191 2147 1312 2198 Inde
1344 2145 1541 2200 consilia

328 2325 344 2359 3
375 2309 479 2349 Malo
505 2310 697 2362 arbitrio]
729 2316 797 2350 Per
827 2311 878 2349 il·
934 2310 1127 2363 compulit
1146 2309 1275 2348 fateri.
1302 2311 1362 2351 Sic
1378 2312 1549 2360 Cicero,

271 2366 354 2405 lam
389 2364 587 2416 judicandi
622 2368 661 2404 &
692 2363 879 2406 sentiendi
934 2365 963 2403 l.
1000 2369 1052 2403 11.
1088 2364 1133 2402 de
1168 2367 1280 2403 Orat.
1312 2378 1352 2404 n.
1384 2376 1445 2413 ¹3·
1486 2367 1546 2404 Tu

270 2420 505 2473 pravitatem
522 2447 534 2465 ‚
555 2417 631 2470 quii
647 2447 656 2456 .
677 2448 685 2456 .
702 2448 711 2456 .
819 2424 868 2465 ἢ,
936 2432 1042 2473 quem
1066 2430 1128 2470 ego
1144 2445 1318 2456 .......
1355 2429 1547 2473 nunquam

321 2489 347 2519 4
374 2477 629 2511 Avertentem
649 2470 793 2523 causum
814 2469 880 2510 δὸ-
934 2471 1060 2510 elicere
1108 2471 1212 2524 potui
1257 2472 1308 2508 ad
1351 2470 1545 2535 disputan-

269 2525 393 2574 lore‘s]
439 2530 665 2565 Vertentern
711 2524 793 2565 alio
835 2537 879 2564 ac
937 2524 1038 2563 dum.
1072 2527 1115 2562 Et
1145 2521 1271 2562 noster
1292 2525 1404 2576 supra
1421 2538 1454 2563 c.
1482 2534 1547 2571 31.

269 2578 572 2619 diffimulantem
590 2580 746 2618 causam
766 2578 882 2618 dolo·
936 2582 995 2617 Ut
1021 2575 1152 2630 hostem
1182 2576 1323 2620 eliceret
1347 2577 1398 2616 ad
1426 2586 1550 2617 certa·

271 2634 322 2673 tis
335 2660 349 2682 ,
367 2631 493 2674 elicuit
512 2643 554 2673 ut
564 2630 751 2689 fateretur
767 2659 780 2681 ‚
798 2636 824 2672 i.
842 2646 875 2673 e.
937 2644 1033 2672 men.
