1669 3052
351 142 398 203 L
435 158 458 202 1
498 158 535 200 B
574 154 610 197 Ε
651 153 691 195 R
779 120 987 191 VIII.
1184 116 1305 193 165

30 230 169 284 frons
190 228 240 279 in
263 224 367 277 acie
391 222 565 273 florem
587 217 824 283 juvenum
846 198 1221 277 pubescentium
1247 196 1307 246 ad
1328 197 1526 289 ἒῐὲιξὲξᾱ

857 277 866 285 ο

32 297 255 350 militiam
288 290 513 342 habebat.
555 280 816 335 Robustior
854 272 967 326 inde
1005 282 1115 320 aetas
1141 304 1155 327 ‚
1191 264 1309 313 toti-

34 365 147 416 dem
181 356 540 427 manipulorum
570 390 585 412 ,
616 361 638 392 9
678 344 859 414 quibus
893 332 1206 402 Principibus
1243 327 1311 379 est

35 447 244 488 nomen,
274 427 366 476 hos
400 420 760 488 sequebantur,
796 407 974 459 scutati
1007 415 1178 453 omnes
1201 435 1214 458 ,
1244 397 1317 446 in-

36 496 252 565 fignibus
279 489 486 543 maxime
516 482 677 536 armis.
708 484 818 528 Hoc
853 484 902 508 10
938 473 1138 537 triginta
1166 461 1321 514 mani-

40 564 275 634 pulorum
311 572 482 624 agmen
526 561 570 586 ¹1
614 542 938 618 Antepilanos
978 532 1321 605 appellabant,

45 631 161 700 quia
192 639 238 664 12
273 626 358 674 sub
387 618 530 689 signis
562 615 657 682 jam
690 610 770 662 alii
796 618 840 649 ¹3
875 604 1137 672 quindecim
1175 607 1226 639 ¹4
1251 614 1325 644 or-

46 692 496 757 dines-*locabantur
517 702 529 734 ε
551 691 599 724 ¹5
630 695 690 729 ex
719 675 900 745 quibus
936 672 1037 719 ordo
1075 661 1329 731 unusquis-

50 772 150 833 que
171 775 269 812 tres
292 772 455 826 partes
478 748 705 803 habebat.
737 757 908 794 earum
932 745 1332 801 unamquamque

41 944 53 949 -
99 909 394 963 TEXTUS
426 907 470 951 A
503 899 749 951 LIPSIO
789 885 1287 939 EMENDATUS.

63 1045 201 1097 frons
225 1043 274 1098 in
299 1038 403 1090 acie
431 1033 602 1084 florem
628 1027 859 1081 iuvenum
885 1015 1259 1088 pubescentium
1282 1010 1344 1062 ad

64 1111 291 1164 militiam
329 1100 558 1154 habebat.
595 1090 856 1144 Robustior
894 1085 1006 1136 inde
1045 1098 1190 1139 aetaS,
1225 1079 1348 1128 toti-

68 1179 181 1229 dem
220 1167 616 1239 manipulorum,
643 1172 665 1203 9
709 1157 891 1227 quibus
930 1147 1242 1216 Principibus
1278 1143 1348 1194 est

69 1258 251 1296 nomen
271 1279 286 1302 ,
316 1238 409 1289 hos
447 1229 772 1299 sequebantur
791 1263 804 1284 ‚
831 1217 1006 1271 scutati
1040 1229 1210 1266 omnes
1230 1250 1246 1273 ‚
1275 1211 1352 1275 in-

70 1309 284 1379 fignibus
315 1298 522 1354 maxime
556 1295 715 1347 armis.
750 1295 864 1339 Hoc
902 1296 951 1320 ¹0
980 1284 1163 1350 viginti
1199 1278 1356 1328 mani-

71 1377 304 1447 pulorum
348 1383 519 1437 agmen
557 1374 601 1398 11
644 1356 966 1425 Antepilanos
1006 1346 1354 1418 appellabant,

80 1443 196 1513 quia
239 1450 288 1475 12
327 1439 413 1488 sub
454 1430 598 1500 fignis
635 1428 728 1492 jam
774 1423 855 1473 alii
902 1428 946 1460 ¹³
992 1420 1140 1466 decem
1186 1421 1239 1454 14
1278 1432 1356 1460 or·-

80 1516 186 1561 dine
226 1505 513 1559 locabantur
550 1516 561 1547 :
604 1503 653 1548 1f5
702 1508 763 1542 ex
807 1486 987 1556 quibus
1026 1479 1362 1548 unusquisque

82 1593 183 1631 tres
232 1586 392 1644 partes
444 1563 703 1621 habebat:
744 1573 910 1609 earum
964 1562 1365 1616 unamquamque

127 1761 166 1795 ,9
197 1743 355 1801 Quibus
390 1733 620 1792 Principibus
650 1726 698 1779 es?
751 1723 822 1764 Sed
862 1724 956 1774 saepe
994 1717 1101 1771 signa
1142 1710 1369 1765 simplicitet

88 1806 252 1848 nomen]
283 1800 335 1835 Hi
353 1795 541 1833 nimirum
560 1785 695 1825 viden·
753 1780 845 1833 poni
870 1776 1049 1816 videntur
1072 1783 1145 1823 pro
1166 1767 1369 1820 praecipuis

91 1868 155 1895 tur
183 1852 284 1891 olim
311 1850 525 1902 principem
555 1844 594 1878 in
618 1840 700 1876 acie
756 1834 918 1884 legionis
937 1828 1050 1879 signis
1067 1854 1078 1872 ,
1102 1835 1186 1876 quae
1208 1821 1369 1873 quidem

92 1909 228 1947 locum
251 1898 408 1944 renuisse
436 1916 446 1938 ι
474 1908 589 1950 atque
614 1890 703 1931 inde
755 1890 933 1926 videntur
968 1875 1077 1919 fuiffe
1112 1875 1214 1928 apud
1250 1880 1282 1914 T
1288 1875 1367 1911 ria-

93 1961 174 2001 illis
194 1971 351 1998 nornen.
759 1943 852 1980 rios.
893 1934 1048 1989 Aquilae
1080 1929 1182 1970 certe
1209 1957 1221 1977 ‚
1260 1923 1370 1980 quod

150 2027 197 2052 ιο
231 2011 415 2065 Viginti]
450 2009 502 2044 Ex
531 2014 620 2043 ante
647 1999 706 2039 di·
760 2004 970 2034 commune
999 1998 1081 2027 erat
1103 1985 1221 2024 totius
1248 1982 1372 2033 legio-

95 2070 178 2108 ἃὶε.
763 2052 822 2087 nis
851 2044 1000 2097 signum
1015 2071 1027 2090 ,
1050 2034 1271 2093 praepositus
1290 2044 1374 2073 erat

152 2134 167 2160 1
181 2132 196 2159 1
245 2114 504 2172 Antepilanos
538 2105 706 2165 appella·
764 2102 939 2149 centurio
955 2092 1146 2150 primipili
1160 2120 1172 2139 ‚
1194 2089 1267 2131 sive
1285 2099 1374 2126 cen-

97 2175 225 2224 bant]
254 2175 358 2217 Quia
377 2169 477 2221 ipsos
495 2163 709 2218 sequebaw
766 2157 872 2197 turio
894 2153 1014 2206 primi
1037 2153 1070 2188 T
1075 2148 1286 2186 uariorum
1308 2153 1376 2180 ot-

84 2242 166 2270 .tur
183 2227 316 2268 decem
330 2225 399 2263 alii
413 2218 628 2272 manipuli,
644 2216 711 2267 qui
769 2210 883 2248 dinis.

103 2282 246 2336 finguli
268 2283 309 2322 in
329 2291 403 2324 tres
421 2286 548 2329 partes
567 2270 714 2310 divide·
828 2274 870 2307 13
894 2263 1063 2306 Decem]
1092 2251 1302 2304 Manipuli.

105 2337 250 2376 bantur
271 2362 283 2382 ,
314 2335 356 2371 ὅ(
382 2341 517 2368 earum
542 2326 715 2378 partium
825 2327 875 2364 14
908 2312 1080 2360 Ordine]
1123 2310 1181 2346 Sic
1210 2302 1381 2357 Lipsius,

109 2399 428 2441 unamquamque
452 2384 626 2435 primam
653 2379 715 2414 Pi·
771 2382 894 2424 quum
914 2362 1036 2418 vulg‘o
1052 2364 1205 2414 legatur
1219 2357 1384 2399 ordines.

110 2444 198 2483 lum
226 2441 437 2481 vocabant.
470 2435 574 2481 Quia
600 2432 718 2483 igitur
773 2422 917 2464 Melius
942 2414 1102 2459 fortasse
1133 2426 1210 2453 vox
1235 2410 1383 2450 ordines

111 2509 202 2536 ante
229 2496 355 2533 Pilum
379 2487 493 2544 pofiti
517 2487 608 2533 illie,
637 2487 721 2524 An-
776 2480 942 2518 omnino
960 2472 1150 2512 deleretur
1168 2496 1179 2516 ‚
1205 2463 1313 2519 quod
1337 2464 1382 2501 δε

106 2548 276 2603 1ῐεΡίΙςιῐιί
301 2547 406 2586 diffi.
778 2533 857 2586 ipse
885 2526 1026 2581 Lipsius
1045 2534 1194 2564 monet.

100 2644 104 2647 .
173 2613 221 2640 12
268 2600 343 2640 Sub
379 2596 500 2650 fignis
520 2600 538 2645 ]
578 2592 727 2642 Cuique
836 2599 878 2635 15
922 2585 984 2620 Ex
1018 2577 1154 2632 qulbus
1190 2567 1383 2629 unusquis-

117 2655 323 2710 manipulo
358 2653 424 2692 sua
463 2660 574 2690 eraut
606 2644 726 2698 figna.
782 2644 885 2694 qne]
914 2630 1154 2687 ManipuluS.

200 2824 227 2833 κ’
