1680 3110
335 115 465 177 216
747 115 825 177 T.
915 114 1244 178 L1v'11

130 209 316 255 U.c.430.
336 196 423 255 fit,
447 196 608 248 hostes
641 196 687 246 in
714 196 909 246 Samnio
933 213 1268 248 moverentur.
1305 196 1523 248 ceterum
1558 197 1611 251 in

123 259 315 303 ³·C·32'-·
337 263 496 314 oculis
534 261 811 327 exemplum
858 277 962 312 erat
1004 266 1074 326 Q.
1110 264 1282 314 Fabius
1315 269 1382 315 M.
1411 263 1608 314 Valerio

334 329 498 396 legato
518 367 531 389 ,
553 328 639 394 qui
668 327 828 378 castris
861 342 1091 396 praeerat,
1113 345 1172 378 ne
1196 348 1341 397 quam
1370 330 1471 382 vim
1495 329 1606 379 hos-

336 397 462 445 tium
498 394 679 460 magis,
705 394 853 460 quam
885 410 1077 446 trucem
1113 394 1364 446 distatoris
1391 398 1511 447 iram
1542 396 1606 446 ti-

337 475 507 511 meret.
523 464 698 529 ltaque
717 462 1094 512 frumentatores
1109 479 1262 529 quum
1281 462 1607 513 circumventi

335 544 397 577 ex
420 526 597 577 infidiis
618 566 630 587 ,
668 527 767 577 caefi
802 527 916 577 loco
952 528 1124 593 iniquo
1153 527 1334 590 effent,
1364 529 1606 579 creditum

334 592 490 659 vulgo
523 593 588 644 est
609 631 623 651 ‚
644 594 885 648 subveniri
909 594 978 643 eis
1011 594 1069 644 ab
1099 594 1264 662 legato
1291 594 1497 662 potuiffe
1518 633 1532 653 ‚
1556 595 1606 645 ni

335 659 486 710 tristia
518 659 673 710 edieta
697 659 1031 710 exhorruiffet.
1066 664 1129 710 Ea
1164 679 1366 729 quoque
1401 662 1470 712 ira
1493 661 1609 713 alie·

333 726 531 777 navit'a
569 725 805 777 diclatore
848 726 1062 776 militum
1100 727 1286 778 animos
1310 766 1324 787 ,
1362 728 1455 793 jam
1493 727 1608 779 ante

332 792 576 854 infensOS,
595 792 734 862 quod
751 793 1065 862 implacabilis
1085 796 1149 859 Q.
1170 794 1312 845 Fabio
1332 794 1520 854 fuiffet,
1539 798 1604 858 δε,

335 860 473 928 quod
502 852 598 911 suis
626 860 855 927 precibus
883 858 1125 927 negasset,
1160 859 1268 927 ejus
1292 861 1477 930 populo
1499 864 1604 914 Ro-

332 944 478 978 mano
512 927 703 977 veniam
746 926 966 978 dedisset.

400 998 658 1044 XXXVI.
698 993 956 1060 Postquam
989 993 1229 1056 diclator,
1268 993 1518 1063 praepofito
1552 994 1604 1046 in

332 1060 456 1110 urbe
489 1066 537 1110 L.
566 1059 758 1128 Papirio
789 1059 957 1112 Crasso
994 1060 1217 1128 magistro
1251 1063 1508 1129 equitum,
1532 1066 1588 1124 Q

331 1126 477 1176 Fabio
511 1127 668 1177 vetito
707 1128 974 1195 quicquam
1012 1146 1100 1193 pro
1124 1127 1398 1194 magistratu
1423 1144 1599 1196 agere,

329 1192 382 1242 in
415 1193 562 1244 castra
593 1193 769 1255 rediit5
794 1211 954 1263 neque
983 1194 1174 1245 civibus
1201 1195 1311 1244 satis
1347 1195 1482 1245 laetus
1516 1193 1602 1245 ad-

328 1275 511 1311 ventus
534 1261 636 1326 ejus
667 1259 789 1321 fuit,
814 1279 903 1312 nec
930 1260 1148 1310 hostibus
1175 1261 1441 1329 quicquam
1470 1275 1603 1312 attu-

328 1325 389 1376 lit
410 1327 625 1378 terroris.
653 1344 863 1396 namque
892 1327 1081 1397 postero
1105 1326 1183 1377 die
1200 1366 1216 1388 ‚
1239 1329 1318 1378 seu
1341 1329 1357 1377 i
1396 1328 1496 1377 nari
1521 1344 1601 1378 ve-

330 1393 446 1443 nisse
478 1393 764 1445 diciatorem
785 1434 799 1456 ‚
825 1396 905 1445 seu
922 1433 936 1455 ‚
961 1392 1136 1443 adeffet
1158 1412 1216 1443 an
1239 1393 1325 1444 abe
1368 1409 1416 1444 et
1432 1433 1444 1449 ,
1464 1391 1601 1463 parvi

332 1459 571 1511 facientes
590 1500 604 1521 ‚
632 1460 860 1512 instrufflfi
891 1460 993 1512 acie
1023 1460 1082 1510 ad
1110 1460 1256 1511 castra
1286 1460 1600 1511 accesserunt.

148 1533 312 1578 Legiones
331 1526 573 1578 Ceterum
604 1543 795 1579 tantum
831 1526 1066 1578 momenti
1091 1527 1137 1577 in
1161 1544 1260 1577 uno
1283 1527 1391 1579 viro
1426 1531 1478 1578 L.
1506 1531 1598 1578 Pa-

119 1584 297 1664 ‘²32'de
334 1594 460 1663 pirio
487 1595 582 1644 fuit
602 1633 617 1656 ‚
643 1611 698 1646 ut
716 1635 728 1654 ,
753 1595 785 1645 fi
823 1595 963 1644 ducis
998 1594 1190 1644 consilia
1212 1593 1351 1645 favor
1372 1593 1601 1645 subsecu-

117 1677 204 1720 μνία
224 1672 313 1712 male*
333 1676 413 1711 tus
449 1661 658 1727 militum
695 1661 825 1711 foret
845 1701 860 1722 ,
880 1659 1111 1711 debellari
1140 1678 1199 1712 eo
1218 1660 1295 1711 die
1328 1678 1442 1711 cum
1466 1663 1599 1711 Sam-

118 1736 287 1773 sugnam·
332 1727 516 1779 nitibus
541 1729 749 1796 potuisse
771 1767 785 1788 ,
815 1747 903 1797 pro
933 1726 1067 1778 haud
1090 1726 1243 1778 dubio
1262 1727 1486 1777 habitum
1507 1725 1560 1777 fit
1586 1745 1598 1778 ε

331 1795 398 1846 ita
423 1795 646 1847 instruxit
670 1795 823 1845 aciem
853 1794 968 1845 loco
986 1832 1001 1854 ,
1035 1810 1089 1844 ac
1111 1792 1325 1845 subfidiis
1343 1813 1357 1852 ;
1378 1794 1442 1844 ita
1463 1793 1598 1859 omni

329 1877 434 1913 arte
457 1862 633 1913 bellica
656 1861 880 1913 firmavit.
914 1859 1144 1911 ceffatum
1178 1861 1204 1911 a
1231 1860 1384 1910 milite
1406 1899 1420 1922 ,
1452 1878 1507 1911 ac
1535 1861 1597 1913 de

330 1929 660 1990 industria,ut
693 1928 1048 1979 obtreRaretur
1078 1926 1303 1979 laudibus
1322 1926 1488 1988 duciS,
1507 1927 1597 1979 im-

331 1996 496 2064 pedita
517 1995 718 2048 vifioria
735 1995 817 2046 est„
841 1994 1012 2045 Plures
1034 1994 1319 2045 Samnitium
1341 1993 1592 2045 cecidere:

331 2063 496 2132 plures
530 2063 737 2114 Rotnani
772 2061 1009 2112 vulnerati
1045 2062 1169 2112 sunt.
1222 2059 1373 2110 Senfit
1407 2060 1594 2129 peritus

330 2130 432 2182 dux
451 2170 466 2193 ‚
485 2148 591 2199 quae
622 2147 697 2180 res
719 2129 934 2181 vistoriae
955 2127 1165 2179 obstaret
1187 2145 1198 2178 :
1224 2126 1595 2196 temperandum

140 2240 149 2248 ,
330 2198 583 2265 ingenium
623 2198 762 2247 suum
796 2195 919 2258 effe,
951 2197 1001 2246 δε
1046 2195 1351 2246 severitatem
1386 2193 1596 2244 miscen-

158 2280 317 2318 Dzszator
335 2265 445 2316 dam
482 2275 499 2299 ¹
544 2263 780 2314 comitati.
816 2267 990 2332 Itaque
1024 2261 1255 2313 adhibitis
1290 2260 1462 2327 legatis
1494 2261 1594 2329 ipse

129 2330 318 2375 ⁶⁰⁷”1'0rf⁶³·
336 2344 357 2368 2
377 2332 566 2382 circum
582 2330 768 2381 saucios
788 2330 965 2380 milites
983 2329 1192 2380 inserens
1217 2328 1263 2378 in
1283 2326 1490 2378 tentoria
1513 2344 1593 2377 ca-

131 2382 213 2420 itm.
334 2413 425 2468 put
440 2437 455 2461 ‚
478 2397 688 2466 fingulos
712 2412 767 2448 ut
798 2398 893 2448 sese
907 2395 1143 2447 haberent
1164 2395 1379 2462 rogitans
1395 2430 1410 2455 ,
1428 2411 1597 2446 curam

386 2521 400 2545 1
428 2508 637 2558 comitati]
668 2505 807 2546 Mallet
833 2510 935 2545 Gro·
991 2510 1137 2545 Omnes
1180 2504 1328 2542 saucios
1367 2502 1514 2542 milites
1554 2513 1600 2542 ex

334 2565 496 2603 novius:
514 2562 696 2600 comitate.
992 2559 1128 2601 ordine
1155 2558 1398 2599 circumiens.

384 2630 405 2654 2
437 2617 581 2655 Circum
595 2614 744 2668 saucios
764 2611 934 2665 milites]

546 2670 550 2673 ’
1432 2678 1601 2714 eorum
