1669 3052
380 137 730 199 Lxx-»ER
811 120 1020 188 VIII.
1237 114 1357 191 185

89 223 284 279 Crafl'us
306 260 321 284 ,
354 222 406 272 &
427 216 647 285 magister
681 212 906 279 equitum
930 208 986 256 P.
1008 195 1236 254 Valerius
1259 200 1357 245 Pu·
1378 203 1568 247 U.c.422;

92 290 284 346 blicola.
304 289 331 339 a
390 286 534 337 uibus
549 297 702 351 quum
720 275 937 328 delec'tus
954 263 1188 321 intentius
1208 260 1358 330 quam
1379 254 1570 331 ᾒξ-Ιξῑεξ

95 354 325 412 adversus
354 306 562 403 ssnitima
595 345 722 398 bella
759 342 1022 393 haberetur
1042 373 1056 395 ‚
1081 330 1358 400 exploratos
1378 307 1571 378 νὶκέᾱῑῗῖἑ.

12 455 23 464 η
70 431 170 478 'res
197 421 318 473 miffi
349 418 653 473 attulerunt,
689 411 857 478 quieta
894 402 1055 455 omnia
1084 396 1211 466 apud
1241 392 1358 443 Gal·
1379 402 1445 431 ror,

94 492 168 542 los
190 487 297 540 effe.
335 485 583 537 Samnium
614 492 817 544 quoque
840 473 934 537 jam
956 470 1161 520 alterum
1184 477 1364 512 annum

98 555 284 609 turbari
326 551 466 602 novis
506 543 716 597 confiliis
753 537 1023 606 suspectum
1058 546 1174 584 erat.
1213 546 1273 578 eo
1305 542 1366 577 ex

16 656 26 665 κ
52 666 61 669 -
99 639 216 691 agro
248 618 465 670 Sidicino
500 611 746 663 exercitus
772 609 1016 655 Romanus
1049 616 1148 649 non
1179 594 1244 645 est
1277 593 1367 643 de—

35 737 42 741 .
102 689 295 741 ductus.
335 680 574 734 Ceterum
611 673 847 726 Samnites
879 668 1064 719 bellum
1106 658 1369 713 Alexandri
1419 659 1584 714 Alexa-„4

101 750 336 824 Epirenfis
379 750 428 799 in
466 751 689 798 Lucanos
725 738 871 790 traxit
902 754 913 785 :
949 735 1034 801 qui
1070 731 1169 780 dno
1192 710 1565 845 (populifjgfiffpb

102 817 333 875 adversus
361 831 525 883 regem
546 821 563 854 3
591 804 948 860 exscenfionem
972 801 997 850 a
1021 796 1167 849 Paesto
1215 794 1376 844 acien-

104 904 204 940 tem
241 884 380 952 signis
408 877 600 932 collatis
630 882 988 945 pugnaverunt.
1020 882 1080 914 eo
1112 860 1378 912 certamine

110 952 329 1022 superior
362 943 668 1004 Alexander,
692 941 934 990 incertum
967 931 1063 1002 qua
1093 929 1186 979 fide
1212 926 1379 978 cultu-

105 1039 189 1073 rus
208 1059 223 1082 ‚
243 1018 276 1067 fi
297 1012 497 1086 perinde
521 1024 682 1059 cetera
703 999 1055 1074 proceffissent,
1078 1012 1248 1064 pacem
1265 1010 1381 1043 cum

110 1087 338 1139 Romanis
365 1080 501 1131 fecit.
532 1074 719 1126 Eodem
743 1087 869 1121 anno
893 1066 1065 1117 census
1088 1062 1222 1112 actus
1244 1096 1257 1117 ‚
1292 1075 1384 1107 no-

111 1155 262 1221 vique
283 1149 416 1199 cives
442 1142 567 1195 censi
593 1160 604 1192 :
631 1151 654 1184 4
675 1138 831 1190 tribus
851 1147 1050 1203 propter
1074 1144 1158 1179 eos
1182 1124 1384 1182 additae,

115 1230 139 1264 5
164 1217 330 1268 Maecia
351 1217 399 1265 &
425 1212 446 1246 ⁶
474 1208 665 1278 Scaptia
686 1204 939 1257 :censores
960 1195 1254 1248 addiderunt
1273 1230 1289 1252 ,
1315 1194 1384 1252 Q.
1443 1198 1565 1249 ,Nove

116 1282 358 1337 Publilius
387 1277 532 1329 Philo
552 1315 566 1337 ,
592 1277 671 1341 Sp.
706 1267 997 1322 Postumius.
1031 1260 1240 1314 Romani
1272 1245 1598 1325 faffi‘ffle‘ffff&

115 1348 352 1402 Acerrani
376 1346 483 1414 lege
512 1342 570 1392 ab
602 1346 656 1391 L.
686 1335 880 1406 Papirio
906 1346 1108 1403 praetore
1135 1326 1230 1377 lata
1249 1362 1264 1386 ,
1290 1322 1387 1391 qua
1411 1317 1566 1385 sedin,

118 1419 293 1469 civitas
313 1414 408 1464 fine
433 1408 658 1476 suffragio
687 1405 812 1456 data.
850 1405 965 1453 Haec
1002 1416 1062 1449 eo
1097 1411 1224 1446 anno
1256 1389 1394 1442 domi

119 1483 402 1549 militiaeque
425 1477 572 1547 gesta.

189 1551 373 1601 XVIH.
401 1543 586 1597 Foedus
611 1540 868 1607 insequens
894 1547 1046 1585 annus
1066 1569 1081 1589 ‚
1115 1529 1196 1579 feu
1220 1527 1395 1577 intem·
1418 1543 1606 1583 {Le-423.

124 1619 256 1688 petie
280 1613 438 1674 coeli,
459 1613 542 1663 seu
561 1605 773 1660 humana
797 1602 968 1653 fraude
994 1598 1089 1648 fuit
1108 1634 1122 1656 ‚
1149 1601 1218 1645 M.
1243 1591 1394 1642 Clau·
1417 1600 1450 1625 ³·
1466 1591 1507 1623 C·
1523 1600 1609 1655 ὀρθ·
1645 1620 1648 1623 -

126 1686 210 1735 dio
229 1679 462 1734 Marcello
480 1718 494 1740 ‚
518 1679 581 1727 C.
600 1672 797 1725 Valerio
817 1666 1123 1719 consulibus:
1140 1660 1366 1710 Flaccum
1382 1696 1394 1716 ,
1419 1637 1610 1722 &focaea-

127 1751 451 1815 Potitumque
489 1785 503 1807 ‚
543 1740 676 1793 varie
724 1739 772 1788 in
822 1733 1073 1786 annalibus
1121 1739 1398 1793 cognomen
1421 1728 1583 1778 Valeylo

130 1816 342 1869 consulis
381 1810 593 1864 invenio.
628 1803 847 1856 ceterum
884 1802 932 1851 in
972 1817 1032 1849 eo
1072 1795 1208 1865 parvi
1250 1790 1401 1842 refert
1421 1773 1524 1815 eost.

134 1883 255 1952 quid
291 1881 393 1932 veri
431 1879 512 1927 fit:
543 1874 663 1924 illud
692 1868 927 1940 pervelim
957 1872 1080 1925 (nec
1112 1876 1283 1912 omnes
1321 1875 1404 1907 au-

131 1953 291 2002 {tores
320 1946 469 2010 sunt)
503 1940 752 2012 proditum
780 1935 902 1985 falso
931 1930 1022 1982 effe
1046 1968 1065 1990 ‚.
1093 1925 1294 1979 venenis
1317 1925 1405 1973 ab-

133 2020 348 2082 sumptos
368 2052 381 2073 ,
415 2026 627 2086 quorum
653 2020 781 2055 mors
807 2001 1038 2051 infamem
1065 2011 1242 2046 annum
1267 1990 1409 2064 pesti3

134 2082 284 2135 leutizi
310 2080 499 2130 fecerit.
523 2074 645 2124 ficut
671 2068 896 2140 proditur
925 2081 1087 2116 tamen
1111 2077 1187 2112 res
1205 2097 1221 2121 ,
1242 2075 1301 2108 ne
1324 2072 1410 2107 cul

191 2216 207 2250 3
243 2197 518 2250 Exfcenfionem
547 2194 570 2231 ἆ
603 2191 744 2244 Paeflo]
848 2201 876 2236 4
890 2184 1026 2225 Tribus
1038 2213 1048 2223 .
1064 2212 1072 2222 .
1087 2180 1228 2220 additae
1243 2185 1259 2228 ]
1277 2183 1408 2217 Tunc-

134 2251 426 2297 Exscenfionem
459 2252 498 2287 in
536 2249 746 2286 Lucaniam
802 2255 874 2295 que
895 2251 1038 2279 novem
1063 2238 1104 2275 &
1128 2236 1269 2286 viginii
1286 2231 1411 2270 tribus

138 2311 190 2349 ab
212 2321 255 2348 ea
275 2317 382 2359 parte
407 2303 474 2342 ubi
500 2300 659 2339 Paestum
680 2298 745 2337 est.
802 2296 926 2334 fastae.
945 2290 1036 2332 Vid.
1058 2288 1171 2341 supra
1189 2287 1278 2326 VII.
1304 2295 1367 2329 15.

141 2366 199 2402 Sic
219 2364 258 2400 ὃς
279 2357 405 2405 infui,
424 2359 567 2394 XXXI.
588 2366 650 2400 24.
679 2349 749 2392 Ab
863 2359 878 2394 5
902 2347 1068 2393 Maecia]
1096 2346 1130 2381 A
1155 2339 1291 2379 Castro
1312 2341 1413 2375 Mae-

145 2413 282 2468 Dipylo
308 2409 442 2460 acceffit
469 2424 482 2446 .·
512 2407 553 2446 id
582 2405 659 2452 est,
682 2417 748 2443 ac·
804 2403 868 2442 cio
896 2429 908 2448 ‚
948 2397 1054 2452 quod
1095 2407 1173 2434 non
1213 2390 1352 2445 procul
1391 2388 1415 2428 εὶ

142 2468 244 2508 ceslit
277 2465 326 2504 ad
361 2463 500 2503 urbem
523 2489 535 2508 ,
579 2459 751 2498 Athenas
791 2454 981 2494 -Lanuvio
1006 2450 1094 2489 fuit.

142 2533 279 2571 nempe
306 2546 318 2566 ,
346 2518 395 2556 ab
429 2529 473 2554 ea
501 2525 610 2567 parre
633 2540 645 2559 ,
676 2510 752 2562 qua
861 2515 884 2544 6
913 2505 1102 2558 Scaptia]
1128 2503 1163 2540 A
1182 2498 1332 2549 Scaptia
1348 2492 1414 2536 ur-

145 2586 259 2626 porta
280 2571 350 2609 illa
373 2568 425 2609 est
440 2599 451 2618 ,
472 2580 557 2622 quae
578 2563 751 2619 appella·
807 2562 855 2600 be
872 2589 884 2609 ,
907 2571 991 2611 quae
1013 2555 1165 2595 videtur
1183 2549 1294 2592 suiss'e
1308 2548 1415 2590 haud

146 2640 208 2668 rur
226 2624 412 2679 Dipylon.
809 2611 948 2669 procul.
969 2609 1084 2650 Ριεςὶοδ
