1680 3110
278 150 406 193 102
707 131 780 190 T.
860 132 1211 194 L1v111

58 217 251 263 *εΗ-397.
273 213 399 264 ditae.
439 214 460 246 8
496 211 624 262 Ludi
652 211 849 272 votivi,
885 230 1012 282 quos
1043 219 1111 267 M.
1144 214 1314 267 Furius
1348 215 1563 269 distator

62 267 255 347 ἆῖῄῇᾗζ,
273 292 482 333 voverat
503 316 518 339 ,
542 277 672 328 faeti.
707 281 768 329 Et
801 277 861 328 de
892 280 1079 332 ambitu
1119 281 1177 331 ab
1211 286 1272 333 C.
1305 284 1558 345 Poetelio,

62 360 212 414 ambitu·
276 341 480 398 trib'uno
510 343 696 413 plebiS‚
725 345 1009 398 auctoribus
1040 347 1266 400 Patribus
1286 388 1301 412 ,
1324 364 1431 401 tum
1465 349 1564 417 pri-

62 417 242 490 Zffmffi}
275 411 409 464 mum
443 409 502 460 ad
538 410 782 480 populum
815 412 969 465 latum
1002 413 1095 465 est:
1115 414 1273 481 eaque
1308 416 1564 483 rogatione

246 483 256 493 ’
278 495 527 530 novorum
560 477 774 529 maxime
805 477 1062 532 hominum
1093 481 1443 543 ambitionem,
1470 482 1559 551 qui

278 543 519 596 nundinas
549 547 603 595 Sc
640 554 665 587 9
702 546 1029 599 conciliabula
1062 548 1199 599 obire
1234 548 1361 599 soliti
1394 563 1565 611 erant,

279 611 600 679 compreffam
632 612 917 664 credebant.

60 691 257 734 v.c.398.
348 681 505 728 XVI.
543 677 690 728 Haud
722 680 859 748 aeque
895 680 999 731 laeta
1029 681 1257 732 Patribus
1288 681 1565 750 insequenti

63 742 262 823 ‘'bc-3342?
283 761 410 796 anno
428 783 442 805 ,
468 745 529 794 C.
554 745 771 808 Marcio,
795 749 892 798 Cn.
917 747 1101 798 Manlio
1125 748 1436 810 consulibus,
1463 760 1476 784 ¹
1503 748 1570 799 de

63 815 158 875 eid,
184 836 258 872 Cn.
285 811 508 862 unciario
544 809 743 861 foenore
772 810 802 862 εἶ
827 818 894 862 Μ.
930 814 1104 869 Duilio
1133 854 1148 875 ,
1182 819 1236 865 L.
1270 816 1446 866 Maenio
1475 816 1567 865 tri-

68 878 229 917 Manlio
284 876 430 930 bunis
469 877 625 946 plebis
658 880 850 945 rogatio
876 879 943 930 est
976 881 1161 949 perlata
1189 900 1199 931 :
1234 884 1283 931 Sc
1312 882 1448 950 plebs
1477 881 1566 931 ali-

63 930 118 968 ³¹·
137 921 240 967 coff.
283 959 472 1013 quanto
489 961 594 994 eam
608 945 835 1013 cupidius
857 947 998 998 seivit
1014 948 1203 1018 accepit
1245 965 1322 999 ue.
1337 959 1358 983 2
1375 947 1455 998 Ad
1470 947 1569 1000 bel-

282 1013 330 1063 la
359 1029 515 1073 nova,
539 1010 702 1080 priore
727 1030 854 1062 anno
881 1013 1141 1077 destinata,
1167 1020 1226 1066 Fa
1248 1015 1330 1065 isci
1360 1032 1567 1084 quoque

282 1078 448 1130 hostes
485 1078 680 1140 exorti,
712 1078 899 1148 duplici
935 1081 1138 1133 crimine
1163 1100 1174 1131 :
1201 1082 1340 1151 quod
1369 1087 1419 1133 δε
1451 1100 1572 1144 ωιτη

280 1144 721 1215 Tarquinienfibus
755 1147 987 1211 juventus
1029 1167 1202 1200 eorum
1234 1148 1529 1201 militaverat
1551 1171 1573 1209 ς
1613 1173 1626 1185 ·

282 1215 338 1264 δε
370 1229 454 1263 eos
485 1212 572 1282 qui
605 1212 816 1264 Falerios
849 1215 1167 1282 perfugerant
1197 1252 1212 1275 ‚
1253 1233 1407 1282 quum
1443 1215 1573 1267 mal&

284 1294 560 1348 pugnatum
597 1277 694 1341 est,
722 1281 1061 1349 repetentibus
1096 1280 1355 1332 fecialibus
1392 1284 1573 1332 Roma-

284 1347 361 1396 nis
390 1362 489 1397 non
512 1344 843 1397 reddiderant.
877 1351 942 1397 Ea
965 1348 1219 1416 provincia
1251 1350 1348 1399 Cn.
1381 1348 1573 1400 Manlio

118 1428 252 1464 aenum
287 1413 495 1466 obvenit
519 1413 769 1464 :Marcius
804 1415 1078 1465 exercitum
1105 1415 1155 1464 in
1179 1430 1350 1482 agrum
1377 1415 1575 1468 Priver-

67 1490 145 1561 ΞΝ,
191 1479 263 1512 Fa-
287 1493 452 1532 natem
475 1519 492 1542 ,
532 1479 783 1548 integrum
820 1498 939 1549 pace
977 1481 1250 1552 longinqua
1280 1521 1295 1542 ‚
1333 1481 1529 1534 induxit
1551 1522 1571 1546 ,

71 1525 264 1610 χ’,ζξζῃξζ
288 1546 595 1615 militemque
622 1546 778 1624 praeda
805 1548 1044 1617 implevit.
1085 1548 1166 1599 Ad
1189 1548 1382 1617 copiam
1406 1567 1573 1601 rerum

72 1622 176 1660 tibus.
289 1613 477 1666 addidit
499 1613 909 1676 munificentiam,
936 1614 1075 1684 quod
1100 1615 1224 1665 nihil
1241 1616 1291 1665 in
1312 1615 1572 1682 publicum

70 1724 267 1762 priverna-
289 1680 589 1732 secernendo
606 1722 621 1744 ‚
643 1683 844 1750 augenti
878 1699 980 1733 rem
1007 1682 1245 1749 privatam
1267 1681 1411 1731 militi
1435 1682 1575 1735 favit.

72 1781 124 1810 m
144 1772 253 1814 vim.
288 1748 600 1803 Privernates
629 1766 787 1818 quum
810 1763 923 1801 ante
953 1749 1142 1802 moenia
1166 1750 1249 1803 sua,
1272 1747 1436 1800 castris
1457 1766 1575 1818 per-

339 1885 362 1923 8
387 1883 487 1924 Ludi
505 1889 520 1934 ]
553 1882 646 1925 Vid.
670 1895 756 1925 not.
787 1897 826 1932 7.
856 1883 907 1924 acl
961 1897 1050 1924 eam
1085 1883 1233 1924 habent
1266 1881 1316 1923 ad
1349 1880 1574 1923 centesimas

289 1950 325 1979 c.
354 1950 422 1987 42.
448 1938 479 1977 1.
503 1942 575 1977 VI.
962 1941 1171 1987 rationem,
1187 1950 1308 1992 quam
1323 1938 1471 1976 habent
1482 1951 1577 1990 por·

347 2005 370 2037 9
388 1989 677 2042 Conciliabula]
696 1996 797 2033 Loca
811 2005 907 2046 pau-
963 1995 1089 2032 tiones.
1109 1992 1192 2031 affis
1223 1991 1273 2030 ad
1295 1987 1417 2030 assem
1437 1992 1476 2029 in
1499 2003 1576 2029 un-

292 2044 335 2085 lo
361 2044 578 2084 celebriora
593 2073 606 2093 ,
634 2047 674 2084 in
693 2047 832 2100 quibus
850 2049 910 2100 jus
961 2049 1040 2086 cias
1061 2045 1326 2084 distributum.
1355 2047 1458 2083 Hinc
1479 2044 1577 2096 saepe

293 2100 416 2137 etiam
439 2097 655 2138 dicebatur.
963 2101 1112 2138 mentio
1137 2098 1240 2151 apud
1271 2100 1476 2150 scriptores
1501 2111 1572 2136 oc·

349 2163 364 2189 1
420 2155 482 2190 De
529 2152 692 2191 unciario
734 2151 907 2206 foenore]
961 2155 1082 2192 currit
1109 2152 1155 2191 de
1185 2151 1378 2200 beffibus,
1414 2150 1573 2190 semiffi-

293 2205 435 2244 Usurae
475 2203 689 2244 centefimae
714 2233 729 2255 ,
768 2207 908 2260 quibus
964 2207 1063 2255 bus,
1100 2209 1176 2245 &c.
1210 2207 1346 2244 usuris.
1389 2207 1579 2245 Unciaria

289 2259 336 2298 in
374 2270 553 2297 centenos
588 2272 776 2299 nummos
813 2274 909 2300 unus
965 2263 1083 2312 igitur
1116 2261 1229 2299 usura
1263 2258 1316 2298 est
1342 2257 1576 2298 duodecima

292 2324 362 2366 per
396 2310 563 2364 singulos
595 2315 772 2361 menses,
806 2314 905 2353 duo-
965 2312 1441 2366 parscentefimae,quum
1454 2325 1578 2351 unum

293 2366 422 2406 decim
450 2365 612 2417 proinde
639 2381 705 2418 per
739 2366 908 2419 singulos
961 2382 1036 2420 pro
1057 2369 1224 2407 centenis
1247 2369 1289 2406 in
1307 2378 1456 2405 annum
1478 2377 1576 2419 pen·

272 2432 418 2458 -annos
450 2419 697 2470 penduntur,
728 2422 906 2460 mensura
964 2422 1081 2460 ditur.

292 2473 381 2512 sunt
411 2474 652 2526 reliquarum
673 2504 683 2522 ,
717 2478 757 2514 &
786 2474 906 2514 foene-
1017 2488 1037 2512 2
1074 2474 1154 2516 Ad
1183 2473 1314 2524 bella]
1350 2470 1492 2512 Melius
1519 2471 1576 2511 le·
1645 2458 1674 2474 '⁶

294 2526 374 2565 bris
390 2556 401 2574 ‚
423 2539 465 2566 ut
483 2530 538 2566 ita
558 2527 690 2566 dicam
705 2558 715 2576 ,
746 2532 811 2568 As.
838 2535 906 2567 Hae
963 2541 1115 2580 geretur
1136 2545 1145 2567 ε
1164 2527 1239 2568 ‚Ad
1257 2525 1355 2565 bella
1370 2528 1488 2579 priore
1505 2539 1577 2564 an-

293 2582 478 2618 maximae
506 2579 610 2620 fuere
634 2582 736 2634 apud
763 2595 909 2621 veteres
963 2595 1008 2620 no
1031 2582 1216 2634 destinata
1235 2610 1244 2627 ‚
1274 2579 1412 2633 Falisci
1434 2589 1582 2634 qnoque

293 2636 501 2678 Romanos
542 2636 680 2676 usurae.
730 2639 909 2679 Minores
962 2637 1055 2678 novi
1081 2633 1198 2688 hostes
1223 2634 1358 2676 exarti-
