1680 3110
307 174 432 236 174
706 154 784 215 T.
868 155 918 216 L
967 175 990 217 1
1036 178 1080 222 v
1127 178 1150 220 1
1201 180 1227 221 ι

80 255 276 302 namq.
303 239 360 291 θ
381 236 612 305 poststgna
629 238 810 300 fizstam
831 258 846 286 .·
867 241 1075 288 Triarios
1095 240 1309 307 pqslremb
1332 257 1427 292 rem
1448 239 1587 305 resti-3·

83 307 170 343 33-
189 317 273 350 337·
300 306 442 372 tuiffe.
478 306 740 352 Latinorum
761 305 839 369 ezfi
846 308 1026 372 pariter
1048 310 1203 372 acctsae
1221 309 1461 376 copiaefint
1474 343 1488 364 ,
1508 325 1584 358 ta-

301 389 400 421 men
412 369 726 437 supplemento
748 370 827 419 vel
844 375 1025 422 Latium
1045 378 1235 442 propius
1255 378 1359 443 effe,
1379 375 1459 425 vel
1479 374 1585 424 Vol-

292 441 396 503 scos
418 472 435 494 ,
461 438 609 504 -qucim
644 445 845 487 Romam.
870 446 1032 506 Itaque
1040 442 1088 507 fi
1103 443 1319 492 videatur
1337 445 1435 500 eis,
1458 444 1509 506 se
1532 447 1588 491 ρκ’

298 506 483 553 Latinis
510 504 568 557 θ’
591 523 644 554 ex
665 504 837 569 Volscis
850 506 1034 573 populis
1043 514 1288 567 juventute
1307 525 1490 576 propere
1510 526 1591 558 ex-'
1654 558 1670 568 ¹,

303 570 428 628 citd,
448 573 703 620 rediturum
725 573 877 638 infisto
899 577 1100 623 exercitu
1124 583 1323 643 Capuam
1353 577 1428 642 effi‘
1451 593 1471 636 ,·
1495 583 1587 627 Ro-

304 641 545 705 manosque
574 638 697 687 nihil
720 655 817 687 tum
849 642 1001 689 minin
1029 643 1168 708 qudm
1194 643 1408 709 praelium
1439 645 1588 709 exspe-

133 713 281 767 Noyum
306 707 480 755 Hances
514 710 775 773 necopinato
803 712 1005 756 adventu
1023 709 1354 775 perculsurum.
1388 708 1590 759 Fallaci‘l·

89 769 277 847 {fjs‘ffji'ffm
310 772 402 823 bus
437 771 614 822 litteris
646 773 776 823 circa
813 773 1004 825 Latium
1039 791 1318 846 nomenque
1349 776 1589 827 Volscum

90 858 258 910 &fors-eta-
312 839 458 890 miffis
480 878 494 901 2
531 839 646 908 quia
683 842 769 907 qui
804 852 903 890 non
940 842 1267 894 interfuerant
1298 859 1503 914 pugnae,
1530 843 1591 893 ad

89 912 171 940 Μ’·
311 906 614 958 credendum
642 922 825 958 temere
849 906 1095 959 faciliores
1119 925 1255 961 erant
1275 949 1290 971 ,
1316 909 1592 961 tumultua-

310 975 414 1025 rius
435 975 654 1041 undique
677 975 926 1026 exercitus
948 979 1122 1044 raptim
1144 979 1452 1046 conscriptus
1475 994 1594 1027 con-

311 1042 464 1093 venit.
502 1043 635 1093 Huic
670 1042 850 1108 agmini
880 1043 1162 1112 Torquatus
1190 1047 1361 1096 consul
1396 1044 1454 1095 ad
1481 1044 1591 1094 Tri-

314 1108 483 1161 fanum
513 1109 679 1173 (inter
702 1107 965 1160 Sinueffam
991 1111 1357 1182 Minturnasque
1383 1113 1424 1162 is
1450 1111 1595 1162 locus

186 1220 190 1222 ,
316 1176 420 1242 est)
444 1178 684 1228 occurrit.
715 1177 1006 1246 Priusquam
1032 1178 1196 1230 castris
1227 1180 1369 1232 locus
1398 1195 1599 1248 capere-

133 1250 272 1308 ·Rfftrfin
317 1258 429 1306 tur,
454 1245 652 1294 sarcinis
689 1245 939 1313 utrimque
974 1246 1025 1295 in
1059 1264 1291 1299 acervum
1327 1245 1593 1313 comestis,
1670 1258 1677 1262 ·

95 1303 188 1385 ἷζῗζ
209 1301 273 1383 ἐξ·
314 1327 590 1380 pugnatum
614 1311 1013 1382 debellatumque
1034 1312 1116 1364 est.
1139 1313 1262 1364 adeo
1281 1314 1412 1364 enim
1434 1313 1598 1363 accisae

144 1375 151 1385 ’
201 1371 212 1393 ³
240 1377 251 1388 '
311 1396 390 1430 res
429 1381 540 1430 sunt
576 1416 592 1439 ‚
633 1393 691 1428 ut
732 1379 921 1429 consuli
954 1379 1194 1432 vistorem
1226 1382 1499 1433 exercitum
1536 1379 1603 1431 ad

312 1443 687 1516 depopulandos
724 1461 866 1514 agros
907 1464 1080 1499 eorum
1117 1448 1321 1499 ducenti
1359 1448 1596 1499 dederent

312 1516 359 1565 fe
385 1529 555 1564 omnes
585 1513 741 1564 Latini
760 1552 776 1575 ,
800 1512 1204 1584 deditionemque
1231 1532 1336 1567 eam
1358 1519 1483 1566 Cam
1522 1515 1599 1564 ani

312 1583 655 1650 sequerentur.
696 1580 888 1631 Latium
912 1583 1186 1650 Capuaque
1214 1598 1333 1651 agro
1359 1583 1462 1635 mul
1517 1584 1598 1633 ati.

314 1649 522 1700 Latinus
556 1662 670 1714 ager
689 1686 701 1708 ‚
727 1647 1000 1699 Privernati
1039 1648 1209 1700 addito
1241 1666 1359 1718 agro
1378 1687 1394 1710 ‚
1432 1652 1482 1701 δε
1513 1655 1600 1699 Fa·

316 1714 514 1776 lernus‚
543 1714 630 1783 qui
661 1714 832 1783 populi
860 1717 1100 1781 Campani
1129 1716 1289 1767 fuerat
1307 1758 1321 1780 ,
1347 1718 1501 1785 usque
1537 1714 1599 1766 ad

317 1781 627 1833 Vulturnum
667 1781 850 1833 flumen
873 1820 886 1844 ,
915 1783 1047 1853 plebi
1083 1786 1306 1835 Romanae
1342 1783 1597 1835 dividitur.

316 1848 434 1900 bina
464 1849 514 1899 in
538 1849 715 1899 Latino
745 1848 942 1916 jugera,
971 1859 996 1892 4
1021 1850 1088 1901 ita
1123 1865 1180 1901 ut
1217 1851 1508 1903 dodrantem
1539 1866 1602 1900 ex

315 1915 595 1968 Privernati
618 1915 949 1984 complerent,
971 1917 1082 1968 data
1105 1935 1116 1967 ε
1140 1931 1276 1968 terna
1298 1919 1347 1968 in
1362 1917 1562 1969 Falerno
1581 1955 1601 1980 ,

319 1982 678 2051 quadrantibus
704 1982 850 2034 etiarn
874 2001 964 2051 pro
992 1983 1353 2053 longinquitate
1383 1983 1600 2047 adjectis,

321 2052 471 2101 Extra
517 2066 718 2119 poenam
772 2049 911 2101 fuere
964 2052 1254 2107 Latinorum
1296 2055 1562 2102 Laurentes
1586 2088 1605 2112 ,

321 2119 792 2186 Campanorumque
831 2116 1057 2184 equites,
1086 2118 1201 2186 quia
1244 2135 1342 2168 non
1381 2117 1602 2168 descive-

321 2199 452 2236 rant.
495 2186 630 2234 Cum
670 2183 995 2235 Laurentibus
1034 2186 1256 2236 renovari
1297 2183 1469 2235 foedus
1502 2184 1601 2247 jus-

322 2253 456 2302 sum:
480 2265 847 2319 renovaturque
874 2267 934 2301 ex
961 2268 1022 2301 eo
1048 2253 1314 2319 quotannis
1341 2251 1444 2318 post
1468 2249 1603 2302 diem

322 2317 573 2368 decimum
603 2319 899 2369 Latinarum.
938 2318 1202 2387 Equitibus
1235 2318 1498 2388 Campanis
1528 2317 1598 2367 ci-

322 2385 448 2438 vitas
485 2384 596 2436 data
635 2402 646 2434 :
685 2400 1109 2455 monumentoque
1148 2401 1204 2436 ut
1242 2383 1355 2438 ell'et
1379 2423 1395 2448 ,
1422 2401 1604 2436 aeneam

377 2519 404 2553 4
423 2508 486 2543 lta
502 2515 543 2544 ut
561 2504 816 2556 dodrantem]
843 2511 937 2546 Tres
992 2521 1079 2547 rum
1098 2507 1275 2547 millibus
1291 2535 1302 2554 ‚
1323 2520 1361 2545 v.
1379 2519 1418 2559 g.
1436 2516 1494 2545 tet
1511 2503 1602 2546 mil-

324 2572 370 2600 ex
392 2562 529 2598 Latino
553 2573 651 2611 agro
674 2559 933 2612 quadranteS,
990 2563 1025 2601 le
1052 2575 1096 2601 ex
1127 2563 1265 2601 Latino
1282 2589 1295 2609 ,
1314 2561 1422 2599 mille
1444 2573 1489 2598 ex
1519 2561 1602 2599 Pti-

323 2625 420 2651 unus
457 2626 501 2651 ex
539 2616 752 2652 Privernati
792 2615 935 2653 divisus
990 2619 1141 2657 vernati
1171 2616 1261 2656 data
1292 2613 1447 2654 fuerint.

321 2665 375 2706 est
391 2682 405 2715 5
422 2669 477 2709 ita.
503 2679 543 2707 ut
571 2680 616 2707 ex
638 2679 806 2720 quatuor
826 2671 935 2722 juge-
