1669 3052
468 103 545 162 'L
588 121 610 162 1
647 120 682 161 B
722 121 757 162 E
801 119 839 159 R
923 95 978 160 V
996 94 1044 160 I.-

105 181 238 238 forte
264 184 378 237 sein
395 198 536 252 agros
549 184 724 250 ejicere
741 181 944 252 poffent3
961 180 1140 232 clausas·
1167 180 1241 244 (id
1254 183 1384 233 enim
1410 205 1493 239 U-c.
1511 208 1596 244 με,

102 252 316 322 primum
330 251 535 303 distator
551 251 909 319 imperaverat)
927 262 1092 318 portas
1109 248 1385 299 inveniunt.
1408 252 1494 288 ³³·C·
1511 250 1598 294 386·

104 318 230 370 Inde
255 319 334 370 alii
361 336 489 369 arma
517 333 689 387 capere
707 354 723 378 ‚
755 315 836 367 alii
860 333 986 383 quos
1008 314 1139 366 forte
1171 330 1383 365 armatos

103 385 352 436 tumultus
377 398 704 453 occupaverat
722 422 734 443 ,
761 399 1036 433 convocare
1057 384 1167 433 suos
1200 395 1255 432 ut
1273 396 1390 450 prat-

101 451 430 504 liuminirent.
446 450 581 520 quod
594 451 848 500 accensum
867 449 925 500 ab
944 448 1276 518 desperatione
1297 450 1386 500 ho·—

99 516 244 570 stium
266 517 455 577 fuisset,
486 517 534 568 ni
568 533 811 585 praecones
843 533 928 584 per
964 519 1136 568 urbem
1177 515 1378 568 dimisti,

101 585 221 656 poni
237 602 392 646 arma,
422 587 471 634 δε
498 583 628 653 parci
655 582 826 632 inermi
858 582 1108 645 juffiffent,
1140 598 1229 646 nec
1262 599 1381 651 prae-

92 654 179 701 ‘ter
195 654 400 701 armatos
423 667 722 720 quemquam
744 648 931 699 violari.
955 652 1082 699 Tum
1101 649 1246 698 etiam
1268 647 1382 716 qui-

101 716 195 768 bus
217 716 362 767 animi
384 727 400 760 3
429 718 574 786 inspe
598 715 771 766 ultima
790 713 1016 765 obstinati
1036 715 1093 765 ad
1125 714 1378 766 decertan-

62 828 69 835 ,
100 782 220 834 dum
243 782 466 844 fuerant,
498 783 750 853 postquam
789 780 898 831 data
928 783 1032 850 spes
1066 781 1176 832 vitae
1196 782 1288 842 est,
1314 781 1383 846 ja-

98 849 230 901 stare
252 850 414 916 paffim
436 851 590 910 arma3
612 849 931 916 inermesque,
946 848 1081 916 quod
1102 847 1257 897 tutius
1281 847 1385 898 for-

74 923 79 925 ⁴
101 931 223 968 tuna
245 916 454 987 fecerff‚
493 919 538 966 se
556 915 680 966 hosti
702 914 891 964 offerre.
914 919 1089 982 Magna
1113 913 1381 965 multitudo

16 1035 21 1039 ,
93 980 148 1034 in
176 982 417 1034 custodias
436 982 612 1041 divisa,
645 981 884 1050 oppidum
913 997 1025 1031 ante
1045 981 1240 1032 nocstem
1262 980 1376 1032 red-

94 1049 256 1100 ditum
297 1049 505 1101 Sutrinis
527 1090 541 1110 ‚
586 1049 876 1100 inviolatum
919 1049 1266 1115 integrumque
1313 1044 1376 1099 ab

93 1116 234 1168 omni
251 1115 387 1166 clade
410 1116 525 1167 belli
546 1155 559 1177 ,
597 1117 712 1185 quia
728 1134 828 1167 non
854 1115 903 1165 vi
923 1131 1121 1185 captum
1138 1152 1152 1175 ‚
1177 1114 1258 1165 sed
1277 1129 1375 1165 tra-

91 1181 254 1235 ditum
272 1200 358 1253 per
378 1182 689 1234 conditiones
706 1180 880 1233 fuerat.

159 1254 247 1303 IV.
279 1248 521 1301 Camillus
555 1249 604 1300 in
644 1249 815 1301 urbem
851 1246 1158 1316 triumphans
1196 1247 1371 1308 rediit,
1440 1248 1585 1285 Trium

92 1317 246 1369 trium
282 1316 419 1369 fimul
449 1315 693 1367 bellorum
726 1315 901 1367 vietor.
932 1315 1100 1382 Longe
1133 1312 1372 1384 plurimos
1387 1299 1491 1345 phas.

93 1384 318 1455 captivos
354 1402 412 1435 ex
445 1382 658 1434 Etruscis
693 1397 808 1434 ante
838 1399 1037 1433 currum
1067 1380 1227 1434 duxit.
1261 1383 1375 1451 qui-

92 1450 186 1503 bus
223 1451 310 1503 sub
340 1450 470 1502 hasta
498 1449 839 1510 venumdati5‚
872 1463 1062 1499 tantum
1096 1449 1198 1498 aeris
1234 1448 1374 1500 reda-

92 1518 226 1570 stum
249 1518 341 1580 est,
372 1534 429 1570 ut
451 1517 611 1587 pretio
650 1535 739 1586 pro
758 1534 878 1568 auro
895 1515 1128 1567 matronis
1151 1516 1374 1585 persolu-

90 1600 165 1648 t0‚
181 1603 241 1638 ex
259 1603 322 1637 eo
341 1585 478 1656 quod
497 1587 742 1653 supererat
757 1599 856 1635 tres
872 1598 1046 1654 paterae
1063 1600 1216 1634 aureae
1235 1582 1373 1636 faetae

87 1651 211 1709 sint:
245 1671 365 1722 quas
387 1671 503 1705 cum
532 1650 682 1704 titulo
712 1651 924 1703 nominis
958 1648 1196 1712 Camilli,
1234 1659 1251 1685 1
1280 1668 1373 1703 an-

90 1734 141 1772 te
167 1720 476 1790 Capitolium
495 1720 744 1771 incensum
761 1758 777 1781 ,
803 1719 853 1769 in
872 1718 1011 1771 Jovis
1034 1717 1154 1768 cella
1185 1718 1376 1771 constat

87 1801 202 1839 ante
226 1787 374 1858 pedes
394 1787 604 1840 Iunonis
624 1786 798 1857 pofitas
821 1785 975 1838 fuiffe.
993 1790 1067 1838 Eo
1088 1803 1214 1838 anno
1230 1787 1280 1837 in
1302 1786 1377 1838 ci·-

86 1855 289 1907 vitatem
312 1854 537 1924 accepti,
562 1855 648 1923 qui
667 1853 951 1906 Veientium
975 1891 989 1916 ,
1010 1854 1373 1923 Capenatium-

88 1939 187 1992 que
219 1961 236 1984 ,
261 1939 317 1973 ac
342 1923 633 1974 Faliscorum
655 1938 742 1991 per
778 1938 834 1974 ea
857 1921 984 1972 bella
1008 1920 1374 1988 transfugerant

86 1988 148 2040 ad
166 1991 408 2041 Romanos
424 2029 440 2053 ,
471 2005 686 2058 agerque
706 1988 765 2039 iis
786 1988 928 2041 novis
951 1987 1143 2040 civibus
1168 1988 1370 2056 affigna-

86 2069 185 2107 tus,
214 2067 237 2091 ²
275 2058 511 2108 Revocati
547 2073 751 2126 quoque
775 2054 823 2107 in
853 2057 1025 2107 urbem
1053 2057 1368 2108 senatuscon-

87 2122 217 2174 sulto
250 2123 277 2173 ὲ
314 2125 481 2188 Veiis,
520 2123 607 2191 qui
642 2122 908 2174 aedificandi
941 2127 1103 2174 Romae
1134 2122 1330 2192 pigritifi
1350 2164 1367 2186 ,

84 2193 345 2261 occupatis
365 2192 434 2244 ibi
464 2190 634 2244 vacuis
668 2189 845 2253 ῑεέὶίε,
873 2190 1026 2242 Veios
1055 2191 1102 2241 se
1130 2189 1365 2242 contule-

143 2355 159 2389 3
203 2343 254 2379 In
281 2341 346 2396 spe
385 2338 552 2389 ultima]
593 2345 700 2380 Tum
751 2338 950 2380 Norbano
974 2336 1080 2378 Coff.
1111 2351 1219 2378 anno
1243 2337 1294 2379 ab
1320 2351 1362 2381 u,

86 2407 209 2447 quum
234 2395 314 2448 spes
337 2394 477 2434 ultima
494 2397 545 2433 eis
570 2394 697 2434 fuerat
751 2407 788 2434 c.
816 2401 909 2440 669.

85 2450 128 2488 in
144 2451 264 2487 armis
287 2451 328 2488 δε
345 2451 558 2488 certamine
579 2447 662 2487 fita.
804 2460 825 2485 2
861 2444 1047 2487 Revocati
1060 2475 1071 2486 .
1091 2476 1101 2487 .
1120 2475 1131 2486 .
1169 2447 1193 2484 ἆ
1215 2448 1366 2499 Veiis,

141 2513 158 2539 1
190 2508 304 2542 Ante
330 2502 553 2556 capitolium
578 2503 696 2540 incen·
749 2502 838 2555 qui.
853 2529 863 2539 .
879 2530 889 2540 .
912 2499 1027 2536 Veios
1041 2499 1081 2551 se
1101 2500 1358 2552 contulerant]

74 2556 191 2608 [κω]
237 2556 400 2607 Syllanis
427 2556 667 2608 temporibus
681 2583 696 2604 ,
751 2555 826 2594 Vel
842 2554 926 2593 dele
946 2553 1040 2592 duas
1055 2566 1169 2594 voces
1185 2553 1209 2593 ἆ
1224 2555 1332 2595 Veiis
1344 2583 1361 2608 ,

82 2613 126 2649 1..
156 2610 342 2651 cornelio
370 2611 548 2664 Scipione
577 2611 618 2651 &
650 2613 697 2650 C.
750 2608 813 2652 vel
828 2621 964 2650 earum
981 2605 1072 2645 loco
1091 2608 1173 2669 lege
1189 2609 1311 2653 cives·

993 2662 1043 2710 A
1074 2660 1145 2728 ii1j
