1669 3052
336 115 392 177 L
440 136 465 176 1
511 133 545 176 B
589 134 627 178 E
671 133 711 175 R
793 113 1006 189 VIII.
1196 122 1313 199 163

41 211 219 267 corpus
241 235 258 259 ‚
293 195 532 266 quantum
558 196 851 248 militaribus
874 195 1044 248 studiis
1067 195 1216 248 funus
1243 201 1316 249 ul·
1339 217 1527 257 uene.

39 266 143 318 lum
169 264 505 316 concelebrari
535 263 694 333 potest
711 304 725 326 ,
757 264 936 316 struclo
963 278 1100 314 extra
1127 264 1314 318 vallum
1337 264 1425 301 ²·C·
1442 272 1532 305 ³³7·

37 346 162 398 rogo
193 346 493 383 cremaretur
511 349 522 381 :
543 331 878 398 Manlianaque
910 333 1108 399 imperia
1136 349 1235 382 non
1264 333 1314 384 in

36 398 282 466 praesentia
311 397 463 448 modo
496 398 738 449 horrenda
760 437 774 458 ,
808 397 888 448 sed
924 400 1136 465 exempli
1167 399 1315 450 etiam

35 463 180 515 tristis
202 465 252 515 in
274 465 521 534 posterum
543 463 707 515 effent.
735 465 869 514 Fecit
892 479 1054 515 tamen
1078 467 1313 517 atrocitas

35 546 197 600 poenae
230 531 622 582 obedientiorem
654 531 772 582 duci
807 531 1044 582 militem:
1069 535 1118 582 &
1141 572 1156 593 ,
1189 551 1313 601 prae-

35 614 260 664 terquam
283 598 422 666 quod
445 596 672 647 custodiae
692 595 970 665 vigiliaeque
998 601 1047 648 &
1070 599 1194 650 ordo
1226 600 1317 651 sta-

36 665 228 714 tionum
261 664 542 721 intentioris
574 664 759 731 ubique
796 680 922 714 curae
955 680 1091 715 erant
1112 706 1123 724 ‚
1149 667 1200 716 in
1238 666 1314 718 ul—

35 731 159 780 timo
195 731 343 781 etiarn
385 731 650 782 certamine
679 769 693 790 ,
736 747 892 799 quum
935 730 1217 783 descensum
1262 733 1315 784 in

34 798 191 849 aciem
222 798 321 860 est,
344 815 399 848 ea
430 798 657 849 severitas
697 796 899 863 profuit.

100 867 245 915 VIII.
285 866 393 916 Fuit
415 879 578 916 autem
601 863 734 914 civili
761 862 970 914 maxime
994 863 1126 916 bello
1151 880 1316 935 pugna

32 929 196 982 fimilis
224 932 382 983 :adeo
420 930 542 981 nihil
573 929 702 998 apud
737 930 934 980 Latinos
977 930 1220 984 diffonum
1256 935 1315 984 ab

34 1001 248 1050 Romana
273 1016 354 1060 re,
375 1013 545 1068 praeter
568 997 752 1047 animos
776 1035 790 1056 ,
824 1012 946 1048 erat.
989 998 1195 1068 Clypeis
1223 1018 1310 1050 an-
1337 1015 1529 1061 Dafniprfe

36 1079 114 1116 tea
146 1066 348 1116 Romani
383 1064 450 1115 ufi
485 1066 594 1115 sunt
616 1082 627 1114 :
652 1063 829 1115 deinde
851 1103 867 1125 ,
890 1063 1148 1133 postquam
1182 1077 1198 1101 1
1235 1067 1313 1117 sti·
1338 1064 1469 1097 ”²¹²⁶stae

33 1132 269 1200 pendiarii
292 1131 406 1182 fasti
430 1133 539 1182 sunt
556 1171 572 1193 ‚
606 1140 627 1164 2
650 1133 784 1181 scuta
804 1149 897 1198 pro
921 1130 1108 1201 clypeis
1132 1131 1311 1184 fecere.
1336 1110 1506 1155 R⁰m⁶m²²

36 1208 54 1242 ³
83 1201 161 1261 δε,
185 1198 323 1266 quod
357 1213 495 1249 antea
530 1196 794 1267 phalanges
822 1197 998 1248 fimiles
1026 1200 1316 1251 Macedoni-

34 1264 104 1315 cis
124 1302 139 1326 ,
174 1265 273 1316 hoc
297 1265 458 1334 postea
483 1264 820 1333 manipulatim
845 1263 1021 1315 struna
1043 1267 1174 1317 acies
1200 1283 1317 1319 coe-

29 1332 101 1402 pit
121 1331 212 1384 esse
230 1351 241 1384 :
261 1332 503 1402 postremo
527 1331 578 1384 in
599 1331 762 1401 plures
788 1331 984 1383 ordines
1006 1332 1313 1386 instrueban-

85 1451 101 1478 1
127 1441 402 1492 stipendiarii]
430 1440 644 1496 Stipendia-

29 1495 109 1535 rius
134 1493 259 1548 vulgo
280 1495 333 1534 est
357 1497 387 1534 is
411 1496 478 1548 qui
506 1494 644 1548 stipen-

32 1548 142 1588 dium
164 1550 295 1589 solvit.
325 1548 399 1589 Hic
420 1547 559 1589 contri
579 1550 642 1588 su-

30 1605 153 1641 mitur
190 1617 263 1656 pro
304 1616 351 1643 eo
392 1606 459 1656 qui
501 1601 642 1656 stipen-

31 1656 140 1695 dium
170 1659 324 1710 accipit.
358 1656 554 1712 Postquam
571 1657 641 1712 sti-

27 1709 219 1765 pendiarii
251 1709 352 1764 faHi
384 1711 474 1763 siant
492 1741 505 1759 ,
540 1714 567 1750 i.
609 1725 643 1749 e.

30 1762 240 1816 postquam
274 1762 459 1816 stipendia
493 1763 539 1802 de
571 1777 642 1817 pu-

33 1817 140 1857 blico
174 1819 346 1869 accipere
375 1830 538 1870 coepere.

87 1883 107 1908 2
126 1872 252 1926 *Scuta
271 1882 335 1926 pro
351 1870 487 1926 clypeis
496 1871 643 1924 fecere]

33 1930 168 1973 Quum
210 1937 323 1964 antea
364 1939 452 1978 pars
497 1926 611 1965 scutis
630 1956 642 1974 ‚

30 1992 120 2033 pars
158 1979 301 2032 clypeis
342 1991 537 2020 uterentur
556 2008 570 2028 ‚
603 1992 644 2019 ut

31 2031 182 2076 constat
203 2047 248 2072 ex
266 2033 292 2071 l.
314 2037 342 2072 Ι.
365 2047 399 2072 c.
418 2047 482 2082 43.
511 2047 645 2074 ornnes

30 2086 162 2143 nostes.
201 2088 315 2127 scutis
348 2086 401 2129 ufi
439 2089 539 2127 sunt.
587 2092 645 2127 De

32 2141 256 2180 discrimine
288 2144 387 2180 inter
423 2142 573 2181 scutum
604 2144 645 2180 &

31 2196 213 2247 clypeum
233 2195 314 2234 vid.
338 2207 422 2234 not.
448 2210 487 2244 4.
515 2196 566 2237 ad
586 2194 647 2236 lo·

33 2262 123 2292 cum
144 2247 270 2288 modo
286 2261 569 2289 memoratum.

89 2316 104 2350 3
138 2306 211 2352 Et,
231 2302 330 2358 quod
352 2313 464 2341 antea
488 2301 647 2356 phalan-

30 2369 98 2411 ges
110 2386 120 2395 .
135 2385 145 2395 .
159 2384 169 2395 .
203 2355 299 2407 hoc]
325 2355 545 2408 Elegantius
567 2357 646 2409 legi

33 2408 229 2448 videretur
241 2440 253 2458 ,
272 2410 378 2463 quod
392 2423 525 2449 monet
541 2416 643 2449 Gro-

37 2465 178 2505 novius
190 2491 203 2511 ,
227 2466 274 2501 Et
293 2491 305 2516 ‚²
327 2479 408 2520 quae
423 2474 535 2502 antea
548 2463 645 2518 pha-

32 2514 209 2568 langes...
233 2515 310 2555 haec
335 2517 500 2572 postea...
528 2519 644 2558 acies.

38 2571 170 2608 Sensus
203 2569 284 2619 est:
316 2573 432 2622 Legio
463 2576 647 2611 Romana

34 2635 116 2666 erat
140 2623 273 2682 primo.
297 2622 433 2670 limilis
455 2625 646 2682 [phalangi

699 1438 966 1480 Macedonicae
982 1468 994 1490 ,
1018 1442 1060 1481 δε
1085 1453 1170 1483 tota
1202 1441 1317 1484 simul

700 1495 942 1546 conjunffim
965 1522 977 1543 ,
1010 1494 1128 1535 nullis
1174 1498 1318 1537 relictis

699 1549 798 1587 inter
818 1547 971 1587 ordines
999 1549 1217 1589 intervallis
1236 1579 1247 1599 ,
1275 1554 1317 1592 in

699 1605 781 1640 acie
805 1600 946 1641 stabat.
979 1601 1114 1642 Postea
1137 1618 1204 1656 per
1227 1618 1316 1645 ma-

699 1654 854 1707 nipulos
886 1655 1032 1695 divisos
1066 1658 1197 1709 spatiis
1225 1657 1247 1697 ἐι
1279 1660 1320 1699 se

700 1711 869 1748 invicem
899 1708 990 1748 strui
1018 1713 1058 1749 in
1077 1714 1158 1750 acie
1178 1725 1223 1750 ac
1243 1726 1317 1765 pu—

701 1776 819 1814 gnare
853 1766 970 1816 coepit
1001 1778 1010 1801 ε
1043 1765 1240 1815 postremo
1275 1770 1316 1806 in

699 1818 828 1869 plures
847 1818 1001 1856 ordines
1020 1817 1225 1869 distribui,
1248 1824 1316 1873 qui

701 1873 742 1909 in
780 1871 959 1923 quolibet
993 1874 1200 1925 manipulo
1237 1873 1319 1913 duo

702 1938 828 1964 erant.

756 1984 854 2025 Quae
883 1979 1092 2032 sequuntur
1114 1982 1154 2018 in
1176 1982 1318 2032 Livio,

703 2046 827 2085 quum
858 2035 900 2071 in
929 2033 1062 2079 multis
1091 2037 1231 2074 vitiata
1253 2040 1318 2075 vi·

703 2088 890 2135 deantur,
913 2086 1060 2140 duplici
1094 2089 1216 2128 modo
1255 2090 1320 2129 edi

702 2143 926 2179 curavimus
955 2156 964 2179 ε
999 2154 1043 2180 ac
1076 2143 1139 2179 10.
1166 2155 1318 2183 textum

698 2195 826 2246 ipsum
853 2196 980 2241 Livii,
1009 2196 1135 2247 qualis
1161 2198 1201 2234 in
1230 2197 1319 2236 vul·

670 2297 683 2303 N
701 2251 801 2300 gatis
823 2249 991 2288 habetur
1011 2264 1021 2296 3
1041 2251 1105 2286 2⁰.
1132 2250 1317 2290 eumdem

701 2314 852 2343 textum
871 2301 893 2341 εὶ
914 2300 1038 2355 Lipfio
1061 2304 1317 2345 emendatum

701 2357 942 2395 exhibemus.
974 2361 1019 2394 In
1048 2371 1094 2396 eo
1124 2359 1316 2410 interpre-

701 2410 823 2450 tando
855 2407 1023 2463 Lipstum
1062 2424 1217 2463 quoque
1255 2412 1316 2451 se-

700 2466 858 2516 quimur
881 2492 893 2512 ‚
931 2466 1000 2516 qui
1034 2464 1080 2503 de
1117 2477 1203 2503 toto
1238 2466 1329 2509 hoe-

699 2517 791 2556 loco
818 2517 901 2557 fuse*
928 2514 1101 2556 differuit
1125 2518 1151 2555 l.
1185 2522 1235 2558 11.
1266 2517 1325 2562 d&

703 2571 793 2614 Mil.
829 2576 951 2615 Rom..
983 2571 1089 2614 Dialr
1125 2585 1162 2620 ς.
