1680 3110
300 115 436 193 {258
733 113 812 176 T.
875 114 1008 177 .L<1
1046 137 1091 180 v
1128 136 1151 178 1
1190 129 1216 180 1

283 241 294 254 ,
311 197 465 248 Inferi
491 196 635 248 maris
657 196 683 246 a
705 195 904 248 Thuriis
927 198 1172 265 Neapolin
1199 201 1253 250 &
1275 199 1466 250 Cumas
1483 235 1499 260 ,
1526 198 1580 248 δε

278 287 294 302 ·
310 264 426 315 inde
459 263 615 314 Antio.
649 278 798 330 atque
827 262 981 314 Ostiis
1009 279 1153 315 tenus
1171 303 1185 325 ,
1209 266 1445 317 Samnites
1463 304 1478 326 ,
1499 277 1585 314 aut

308 332 471 382 socios
504 328 693 383 validos
720 330 979 391 RomaniS,
1008 345 1092 382 aut
1127 331 1305 381 frae'tos
1337 331 1469 382 bello
1503 332 1583 381 in-
1651 329 1680 387 *31³

311 395 514 450 venisset
534 395 712 446 hostes·
745 397 852 464 Ipse
875 397 1132 462 trajeciffet
1154 415 1285 449 mare
1306 415 1421 450 cum
1445 411 1587 450 vete·
1661 400 1666 413 '

308 464 440 514 ranis
459 463 817 514 Macedonibus
835 504 848 524 ,
873 481 973 515 non
996 465 1105 532 plus
1136 466 1336 532 triginta
1366 460 1587 515 millibus

311 529 600 590 hominum³
636 533 690 581 8<
721 546 938 598 quatuor
967 532 1183 583 millibus
1211 533 1464 598 equitum,
1485 548 1588 581 ma·
1665 544 1670 549 ’

309 595 444 648 xime
465 596 822 648 Theffalorum:
841 598 940 648 hoc
963 600 1092 650 enim
1115 599 1307 650 roboris
1327 612 1444 648 erat.
1469 602 1586 648 Per-

310 663 382 713 sas
402 703 416 724 ,
449 663 600 713 Indos
618 702 634 725 ,
658 664 869 732 aliasque
899 666 932 714 fi
963 665 1250 731 adjunxisset
1277 680 1448 733 gentes
1465 703 1481 725 ,
1501 664 1588 715 im·

307 730 649 799 pedimentum
693 732 846 797 majus
887 734 1036 799 quam
1078 733 1314 783 auxilium
1355 731 1590 785 traheret.

311 796 457 848 Adde
488 797 627 866 quod
662 798 891 849 Romanis
923 799 982 848 ad
1009 816 1207 850 manum
1233 799 1364 849 domi
1396 798 1588 868 supple·

309 878 533 915 mentum
559 863 687 915 esset.
726 864 1008 917 Alexandro
1047 865 1221 934 (quod
1248 865 1409 935 postea
1433 867 1590 916 Anni-

311 930 410 981 bali
434 931 615 981 accidit
636 932 656 995 )
690 932 851 982 alieno
873 933 922 982 in
944 949 1060 1000 agro
1084 933 1284 984 bellanti
1306 973 1318 991 ,
1342 932 1592 983 exercitus

313 998 655 1050 consenuisset.
692 1004 839 1050 Arma
859 1039 874 1061 ,
899 1000 1099 1068 clypeus
1129 1013 1149 1035 2
1176 999 1436 1066 sai-iffaeque
1462 999 1589 1050 illis:

311 1067 537 1116 Romano
559 1068 754 1117 scutum
774 1106 789 1127 ‚
813 1067 966 1133 majus
995 1068 1192 1136 corpori
1216 1080 1558 1135 tegumentum
1570 1104 1611 1128 ‚c

310 1135 363 1182 &
388 1144 402 1175 3
431 1132 586 1200 pilum
604 1170 619 1193 ‚
651 1132 784 1184 haud
810 1134 955 1202 paulo
982 1135 1131 1204 quam
1160 1134 1290 1184 hasta
1321 1132 1587 1186 vehemen-

310 1200 410 1250 tius
434 1200 532 1251 istu
560 1200 799 1269 miffuque
820 1201 990 1253 telum.
1015 1202 1250 1253 Statarius
1272 1216 1483 1268 uterque
1502 1200 1589 1251 rni-

309 1266 414 1328 le5‚
439 1268 636 1318 ordines
668 1269 862 1320 servans
895 1287 906 1319 z
940 1268 1019 1318 sed
1053 1268 1134 1318 illa
1165 1267 1374 1336 phalanx
1411 1268 1589 1318 immo-

308 1333 423 1384 bilis
442 1374 454 1396 ‚
483 1337 532 1385 δε
563 1334 709 1385 unius
738 1337 930 1401 generis
960 1354 970 1386 z
1006 1338 1222 1385 Romana
1251 1336 1382 1385 acies
1415 1334 1588 1384 distin-

309 1401 467 1463 ἀίω,
506 1418 565 1451 ex
606 1401 829 1470 pluribus
871 1401 1090 1470 partibus
1127 1401 1348 1454 constans
1380 1422 1396 1463 ;
1431 1401 1592 1454 facilis
1656 1412 1665 1428 ‘

306 1469 540 1538 partienti
562 1486 860 1538 quacunque
878 1486 1004 1537 opus
1021 1468 1160 1531 effer,
1179 1469 1336 1519 facilis
1349 1469 1592 1536 jungenti.

305 1541 416 1588 Jam
442 1537 491 1585 in
518 1553 668 1603 opere
697 1537 808 1603 quis
833 1555 915 1604 par
941 1539 1163 1588 Romano
1187 1536 1362 1586 miles?
1388 1537 1500 1604 quis
1527 1534 1591 1587 ad

310 1602 622 1653 tolerandum
644 1602 860 1654 laborem
882 1603 1056 1654 melior
1075 1613 1090 1652 ?
1115 1607 1228 1654 Uno
1247 1603 1410 1671 praelio
1428 1603 1593 1657 vifius

309 1669 590 1720 Alexander
606 1710 622 1732 ‚
643 1669 776 1720 bello
796 1671 957 1722 vietus
980 1670 1110 1723 effer.
1132 1674 1420 1732 Romanum,
1439 1688 1590 1738 quem

311 1737 596 1796 Caudium,
630 1755 778 1804 quem
812 1740 993 1788 Cannae
1025 1755 1123 1787 non
1157 1737 1412 1803 fregerunt
1435 1777 1449 1798 ,
1484 1755 1592 1805 quae

310 1802 526 1872 fregisset
550 1805 676 1854 acies
699 1810 827 1855 ?‘Nae
846 1804 925 1854 ille
946 1806 1088 1873 saepe,
1107 1804 1286 1855 etiamfi
1304 1805 1457 1874 prima
1510 1823 1592 1855 ro·-

310 1872 446 1938 spere
481 1870 778 1932 eveniffent,
816 1873 1010 1934 Persis,
1039 1875 1093 1923 &
1124 1871 1305 1932 Indos,
1331 1875 1384 1923 δε
1418 1871 1482 1922 im
1521 1872 1590 1922 el-
1629 1910 1634 1914 .

310 1937 410 1989 lem
446 1937 602 1988 Afiam
637 1936 895 2005 quaefiffet,
919 1942 969 1988 δέ
997 1956 1112 1990 cum
1141 1937 1337 1990 feminis
1368 1938 1452 1988 fibi
1489 1939 1594 1990 bel-

314 2005 420 2057 lum
450 2003 587 2055 fuisse
619 2002 841 2056 dixiffet:
867 2006 1002 2075 quod
1027 2005 1160 2073 Epiri
1185 2005 1593 2073 regemaAlexan-

314 2073 460 2138 drum
493 2072 752 2123 mortifero
781 2073 985 2124 vulnere
1015 2072 1166 2123 istum
1195 2071 1361 2123 dixiffe
1389 2071 1590 2135 ferunt,

313 2141 496 2191 sortem
522 2138 765 2190 bellorum
790 2140 840 2190 in
871 2140 979 2190 Asia
1005 2139 1251 2208 gestorum
1282 2139 1341 2189 ab
1366 2138 1464 2189 hoc
1488 2140 1594 2209 ipso

315 2206 496 2275 juvene
525 2224 637 2257 cum
666 2208 746 2257 sua
774 2207 1126 2258 conferentem.
1166 2206 1408 2275 Equidem
1435 2225 1594 2275 quum

354 2292 405 2325 er
428 2290 578 2324 annos
597 2288 812 2343 quatuor
833 2277 883 2325 &
902 2274 1076 2342 viginti
1100 2275 1257 2342 primo
1277 2273 1468 2324 Punico
1489 2273 1594 2324 bel-

317 2293 372 2392 ξο
393 2341 612 2392 claffibus
632 2356 873 2392 certatum
891 2358 1007 2391 cum
1026 2341 1200 2392 Poenis
1219 2339 1451 2391 recordor
1468 2379 1483 2400 ,
1505 2340 1592 2392 vix

317 2423 508 2462 aetatem
553 2407 818 2459 Alexandri
860 2407 1165 2460 suffesturam
1204 2406 1342 2459 fuisse
1387 2424 1498 2458 reor
1531 2406 1594 2459 ad

376 2532 396 2556 2
455 2517 600 2569 ‘sariffae
628 2524 644 2568 ]
715 2518 926 2570 Psaelongae
1040 2531 1054 2564 3
1099 2516 1250 2567 Pilum]
1282 2516 1374 2556 Vid.
1403 2517 1482 2568 ejus
1508 2515 1592 2555 des-

321 2573 438 2679 ἓξὲξ
463 2602 476 2622 ,
521 2572 787 2616 Macedonum
830 2587 925 2628 pro·
982 2574 1217 2671 εἰξιῑίοέεηι
1249 2573 1289 2612 in
1325 2582 1410 2612 not.
1446 2582 1508 2619 ¹7·
1541 2569 1594 2612 ad
