1711 3110
351 187 483 267 '196

738 180 814 239 T.
898 172 1252 235 L1v11

138 287 326 328 U.c.429·
357 265 636 323 Poetelium
661 298 677 322 ‚
708 262 765 311 L.
800 256 1049 374 Papirium
1080 253 1421 328 Mugillanum.
1455 249 1640 303 Curso*
1684 259 1688 318 ζ

140 336 228 372 a.C.
246 344 331 376 323.

178 384 221 418 C.
248 382 332 415 Ροε-

143 427 241 464 telio
282 428 332 463 ΙΙ.

143 525 207 560 rio
221 515 327 557 Coss.

170 569 335 602 Alexan-

142 616 201 653 dri
229 614 319 659 Epi-

148 720 199 748 la„

347 336 464 387 ‘rem
496 333 542 382 in
574 326 679 379 aliis
708 324 864 377 annali

904 339 960 373 us
987 322 1200 372 invenio.

429 401 605 449 XXIV.
628 403 642 427 ¹
664 392 850 444 Eodem
873 407 999 441 anno
1018 383 1364 437 Alexandriam
1383 385 1433 433 in
1457 386 1639 457 AEgyp-
1666 403 1689 406 ’-

145 478 187 512 L.
227 472 420 522 papis-to
453 462 705 536 proditum
738 457 989 510 conditam
1010 451 1476 519 :Alexandrumque
1506 447 1641 515 Epiri
1680 450 1689 498 '1-

362 549 564 601 regem,
589 528 648 579 ab
679 525 842 578 exsule
873 529 1073 575 Lucano
1101 517 1416 570 interfectum
1438 554 1453 576 ,
1490 527 1511 551 2
1542 517 1638 565 sor-
1684 524 1689 570 }

367 616 444 651 tes
462 595 702 652 Dodonaei
724 592 861 645 Iovis
886 603 1067 641 eventu
1091 581 1352 637 affirmasse.
1377 581 1556 633 Accito
1580 580 1639 630 ab

147 660 324 706 mst‘fa'
367 663 644 718 Tarentinis
677 661 727 711 in
758 658 947 710 Italiam
979 656 1089 708 data
1115 664 1130 696 3
1160 652 1311 704 diffio
1342 666 1442 699 erat
1462 686 1475 708 ‚
1502 664 1643 698 cave-

368 750 445 787 ret
469 727 786 782 Acherusiam
808 742 981 792 aquam
997 762 1012 784 ,
1034 718 1417 784 Pandofiamque
1440 715 1611 765 urbem
1631 731 1644 763 z

370 801 440 854 ibi
465 800 575 851 fatis
597 797 702 859 ejus
720 793 982 844 terminum
1003 787 1125 838 clari.
1146 789 1317 859 quue
1337 781 1475 832 ocius
1499 783 1645 832 trans—
1685 836 1688 838 v

373 867 499 923 mifit
529 866 577 916 in
611 861 833 919 Italiam,
859 872 915 909 ut
942 856 1094 924 quam
1126 850 1332 902 maxime
1361 847 1536 904 procul
1566 847 1646 898 ab·

348 961 351 965 ·
373 935 491 990 esset
514 931 634 984 urbe
656 924 888 979 Pandofia
911 925 960 974 in
985 921 1131 991 Epiro
1157 920 1209 970 Sc
1239 905 1524 969 Acheronte
1548 933 1647 965 am-

374 1003 427 1056 ni
448 1041 462 1064 ,
498 1016 647 1069 quem
686 1013 744 1049 ex
784 989 1038 1044 Moloffide
1076 987 1311 1038 fluentem
1340 983 1389 1033 in
1427 992 1451 1023 4
1487 981 1649 1048 stagna

375 1069 577 1123 Inferna
596 1063 777 1131 accipit
797 1055 1117 1125 Thesprotius
1135 1053 1279 1103 smus.
1299 1046 1537 1100 Ceterum
1559 1054 1651 1109 (ut

375 1137 533 1189 ferme
558 1130 795 1199 fugiendo
813 1128 859 1177 in
880 1124 1038 1175 media
1055 1121 1151 1172 fata
1175 1118 1372 1182 ruitur)
1401 1133 1557 1182 quum
1576 1115 1656 1163 sae..

375 1220 440 1273 pe
475 1200 693 1253 Bruttias
722 1195 1036 1260 Lucanasque
1062 1187 1280 1256 legiones
1308 1180 1529 1242 fudiffet5
1555 1184 1658 1243 He-

379 1268 590 1324 racleam
604 1262 980 1316 Tarentinorum
1001 1255 1243 1309 coloniam
1258 1291 1275 1315 ‚
1295 1261 1316 1295 5
1336 1247 1654 1301 Consentiam

441 1418 456 1443 1
501 1399 639 1442 Eodem
677 1412 774 1437 anno
812 1394 996 1437 Alexan-

385 1458 511 1498 driam
538 1459 576 1496 in
608 1457 786 1505 ‹AEgypto
813 1448 998 1503 proditum

384 1512 605 1558 conditam]
629 1512 730 1545 Inter
750 1504 884 1542 dottos
901 1514 996 1541 con-

388 1566 461 1605 stat
488 1575 570 1602 non
590 1559 792 1600 conditam
810 1553 882 1595 effe
905 1554 998 1594 Ale-

389 1618 598 1661 xandriam
635 1615 712 1653 hoc
742 1624 846 1650 anno
874 1638 886 1657 ,
922 1621 1001 1660 quo

389 1672 575 1713 conditor
597 1670 676 1719 ejus
695 1663 913 1712 Alexander
931 1666 1003 1699 Ba-

390 1726 540 1778 bylone
563 1734 740 1764 mortuus
760 1717 838 1765 est,
857 1715 920 1755 sed
942 1716 1002 1753 sex

392 1782 587 1832 septemve
606 1774 694 1815 ante
712 1775 837 1812 annis.
866 1769 1004 1809 Fraudi

394 1831 507 1873 fuisse
530 1831 682 1871 videtur
708 1828 819 1866 livio
844 1819 1004 1863 omiffus

394 1888 465 1927 ille
495 1890 538 1925 L.
572 1883 715 1935 Papirii
747 1879 924 1918 Cursoris
964 1878 1003 1914 δε

398 1947 446 1980 C.
490 1937 642 1978 Poetelii
681 1932 930 1978 consulatus,
960 1929 1005 1967 de

400 2008 480 2049 qno
512 1990 624 2044 supra
656 1988 705 2027 ad
737 2001 771 2026 c.
804 1997 865 2030 19.
899 1986 937 2022 &
968 1985 1006 2020 in

401 2061 520 2100 quem
555 2046 706 2085 Solinus
732 2038 884 2081 confert
909 2050 1005 2077 con-

400 2102 492 2142 ditae
515 2097 758 2140 Alexandriae
775 2105 937 2144 tempus.

456 2168 476 2192 2
505 2155 630 2192 Sortes
656 2147 837 2190 Dodonaei
859 2144 1011 2193 Jovis]

399 2213 493 2252 Jam
522 2206 816 2245 observavimus
844 2198 893 2238 ad
923 2198 950 2236 1.
977 2201 1010 2234 3.

401 2278 437 2304 c.
463 2269 525 2308 56.
548 2261 664 2312 sortes
690 2253 884 2294 interdum
912 2252 1011 2289 sumi

405 2330 480 2370 pro
503 2315 642 2368 quovis
668 2308 820 2348 oraculi
855 2305 1011 2357 respon-

407 2371 452 2412 so
470 2398 481 2417 ‚
512 2370 631 2407 etiam
657 2376 753 2403 voce
779 2361 897 2400 edito.
939 2356 1013 2397 Hic

405 2420 563 2477 possunt
597 2417 764 2468 intelligi
794 2426 894 2455 verae
929 2412 1012 2449 sor-

404 2490 475 2517 teS.
494 2473 654 2515 Constat
670 2473 774 2511 enini
791 2482 834 2508 ex
859 2469 941 2506 Cic.
967 2464 1012 2504 de

401 2534 497 2571 Div.
533 2529 559 2568 l.
590 2532 620 2566 Ι.
652 2539 690 2563 n.
724 2531 791 2570 76.
824 2525 865 2561 &
898 2520 925 2558 l.
958 2523 1009 2556 11.

400 2597 443 2628 n.
464 2592 528 2631 69.
546 2580 646 2634 apud
664 2577 874 2622 Dodonam
888 2601 900 2622 ,
916 2585 1012 2625 prae-

399 2651 459 2678 ter
486 2634 721 2679 columbas,
755 2632 793 2669 &
825 2639 1011 2681 quercum

398 2694 693 2738 vaticinantem,
708 2687 743 2728 δι’
763 2683 1011 2725 Dodonaeum

1051 1404 1100 1430 aes
1118 1416 1128 1435 ,
1157 1390 1276 1427 etiarn
1294 1387 1412 1424 sortes
1434 1383 1565 1422 locum
1588 1381 1659 1422 ha·

1052 1440 1187 1483 buiffe.
1230 1446 1353 1480 Porro
1391 1440 1510 1478 sortes
1550 1435 1628 1474 illae
1644 1463 1659 1482 ,
1710 1474 1711 1480 ἵ

1053 1497 1158 1536 fuere
1182 1495 1280 1542 tali,
1301 1505 1368 1532 aut
1394 1489 1537 1531 refferae
1555 1518 1566 1538 ,
1593 1500 1662 1527 aut
1710 1483 1711 1523 l

1055 1549 1243 1590 schedulae
1272 1549 1384 1586 certis
1408 1546 1545 1584 litteris
1564 1571 1575 1591 ,
1597 1541 1661 1581 vel
1710 1530 1711 1596 l

1054 1604 1232 1651 vocibus,
1248 1601 1310 1640 vel
1326 1601 1443 1647 notis,
1455 1599 1660 1649 inscriptae.
1710 1598 1711 1634 l

1057 1661 1125 1696 Eas
1152 1657 1250 1696 alibi
1273 1654 1440 1706 Jaciebat
1464 1651 1543 1705 ipse
1564 1662 1660 1693 con-

1057 1712 1180 1750 sultior
1194 1738 1206 1758 ,
1225 1708 1323 1753 alibi
1351 1720 1395 1745 ex
1416 1717 1515 1745 urna
1535 1716 1664 1742 exrra-

1060 1766 1179 1804 hebat
1212 1775 1319 1817 puer.
1355 1764 1498 1809 Earum
1528 1755 1667 1796 deinde

1058 1831 1169 1858 notas
1214 1814 1565 1866 interpretabantur
1605 1811 1666 1848 sa-

1059 1872 1232 1912 cerdotes
1257 1898 1268 1917 ,
1310 1867 1474 1920 indeque
1516 1863 1668 1903 oraculi

1061 1925 1284 1978 responsum
1310 1919 1612 1960 concinnabant.

1113 1992 1130 2026 3
1148 1976 1304 2025 DiHa'o]
1322 1974 1562 2028 Responsum
1580 1982 1669 2010 ora-

1061 2033 1154 2073 culi.

1111 2100 1138 2134 4
1174 2088 1318 2138 Stagna
1354 2081 1544 2136 Inferna]
1581 2081 1671 2116 Vox

1064 2139 1219 2194 Inferna
1238 2139 1390 2178 videtur
1412 2131 1486 2173 effe
1511 2133 1671 2183 propria

1065 2193 1276 2246 appellatio
1314 2190 1436 2241 stagni
1476 2185 1670 2235 alicujus;

1065 2245 1225 2287 fortassfe
1243 2240 1461 2284 Acherusiae
1478 2236 1589 2291 ipfius
1604 2250 1674 2290 pa-

1067 2300 1194 2348 ludis,
1216 2302 1277 2338 cui
1302 2299 1378 2336 hoc
1403 2306 1547 2334 nomen
1570 2290 1673 2329 indi-

1067 2367 1151 2393 tum
1184 2350 1257 2392 effe
1287 2352 1413 2404 potuit
1443 2347 1465 2386 ὲ
1493 2345 1675 2398 populari

1068 2409 1251 2459 opinione
1269 2434 1281 2454 ‚
1306 2416 1390 2457 quae
1408 2401 1673 2440 Acherontem

1067 2460 1232 2500 fiuvium
1275 2461 1315 2497 in
1358 2455 1529 2495 infernas
1573 2451 1675 2490 sedes

1065 2529 1131 2568 per
1148 2527 1234 2553 eam
1249 2511 1433 2565 paludem
1449 2507 1580 2546 delabi
1599 2503 1674 2543 fin-

1065 2569 1196 2622 gebat.

1125 2634 1140 2669 5
1180 2618 1409 2672 Consentiam
1438 2627 1486 2658 ,ex
1514 2610 1678 2649 Lucanis

1067 2677 1330 2731 Sipontumque
1345 2677 1363 2724 ]
1378 2668 1571 2710 observat
1591 2667 1676 2704 Du-
