1669 3052
387 96 730 159 LIBER
815 93 1029 157 VIII.
1224 115 1344 155 211

79 181 289 237 citarent
312 177 603 230 dietatorem
621 217 636 239 ‚
660 175 807 246 quarn
836 177 886 228 in
908 176 1189 243 magistrum
1212 192 1236 225 e
1278 176 1356 227 ui·
1372 193 1564 235 U.c.430.

90 261 196 296 tum
236 245 482 314 placarent
510 284 526 307 ‚
565 244 668 312 juffi
701 243 760 295 de
798 243 1030 295 tribunali
1064 244 1238 295 descen
1277 259 1356 293 ere
1373 241 1563 283 ³·C·3220

82 311 236 378 legati
257 330 268 363 z
292 315 341 364 &
377 311 564 363 silentio
598 311 930 379 nequicquam
965 328 1051 379 per
1086 326 1358 379 praeconem

89 392 280 429 tentato
314 416 329 439 ,
365 396 520 447 quum
552 396 644 446 prae
687 378 887 446 strepitu
923 394 978 427 ac
1014 377 1231 429 tumultu
1265 392 1358 427 nec

88 444 103 494 i
141 443 232 494 fius
255 445 505 496 dictatoris
525 484 538 504 ,
562 462 651 494 nec
675 444 1006 511 apparitorum
1027 444 1129 508 ejus
1154 460 1250 495 vox
1274 460 1360 493 au-

89 462 305 571 cibetur,
329 528 426 562 nox
442 550 458 571 ‚
483 511 623 562 velut
647 510 696 560 in
719 509 880 576 praelio
899 548 914 569 ‚
938 511 1190 561 certamini
1213 511 1360 560 finem

87 576 227 628 fecit.
256 576 480 644 Magister
497 576 721 644 equitum
738 574 885 640 juffus
909 576 1099 644 postero
1124 577 1203 628 die
1226 576 1360 627 ades-

89 645 135 694 se
153 681 167 702 ‚
187 661 340 711 quum
362 660 532 693 omnes
557 644 849 693 affirmarent
872 641 1087 692 infestius
1113 643 1359 711 Papirium
1423 652 1566 706 Romam

85 711 370 760 exarsurum
392 748 405 771 ,
431 711 664 776 agitatum
688 709 1008 759 contentione
1031 709 1134 777 ipsa
1159 727 1357 761 exacer-
1371 698 1478 745 '7⁴3²'-

87 776 391 844 batumque,
425 778 549 826 clam
582 794 640 826 ex
674 775 835 825 castris
871 778 1073 826 Romam
1105 777 1357 845 profugit:

87 845 139 894 δε
159 881 174 902 ,
199 858 335 913 patre
368 842 566 894 auCtore
594 847 661 892 M.
692 842 837 892 Fabio
860 882 870 901 ,
907 843 994 909 qui
1019 858 1092 893 ter
1119 843 1215 909 jam
1237 860 1357 895 con-

89 908 197 971 sul,
229 909 536 978 dictatorque
571 908 730 959 fuerat
751 946 765 970 ‚
790 924 970 959 vocato
1007 910 1252 978 externplo
1283 912 1359 961 se-

90 991 206 1026 natu
227 1016 241 1039 ‚
268 994 423 1045 quum
452 975 660 1026 maxime
690 991 1079 1042 conquereretur
1110 976 1238 1044 apud
1269 978 1359 1027 Pa-

91 1058 189 1093 tres
227 1043 328 1095 vim
371 1056 519 1110 atque
560 1041 785 1103 injuriam
828 1042 1080 1093 dietatoris
1107 1081 1122 1103 ‚
1156 1042 1360 1110 repente

87 1109 311 1175 strepitus
345 1124 456 1159 ante
487 1108 671 1159 curiam
701 1107 929 1160 licitorum
962 1109 1361 1160 submoventium

85 1176 298 1228 auditur.
322 1179 375 1226 δε
395 1177 495 1245 ipse
519 1175 733 1227 infensus
749 1176 937 1237 aderat,
957 1175 1211 1245 postquam
1230 1193 1360 1227 com-

82 1243 209 1311 perit
226 1240 505 1311 profeetum
528 1259 587 1294 ex
607 1242 769 1294 castris
784 1282 799 1305 ,
823 1260 938 1295 cum
959 1241 1190 1312 expedito
1214 1243 1357 1312 equi-
1408 1251 1572 1307 {eruitur

83 1324 191 1361 tatu
222 1312 432 1362 secutuS.
463 1314 643 1361 Iter-ata
673 1309 849 1361 deinde
884 1309 1142 1360 contentio
1184 1309 1250 1361 est
1274 1327 1286 1360 ε
1309 1298 1538 1362 &d¹⁶⁶‘²·'⁰”·

83 1375 254 1444 prendi
289 1376 508 1444 Papirius
539 1377 736 1428 Fabium
764 1375 906 1443 justit.
950 1376 1048 1428 Ubi
1079 1375 1236 1445 quum
1270 1375 1355 1428 de-

81 1443 395 1511 precantibus
432 1444 734 1512 primoribus
777 1447 976 1495 Patrum
1002 1483 1018 1506 ‚
1055 1458 1203 1511 atque
1245 1444 1358 1495 uni-

80 1510 221 1563 verso
252 1512 451 1572 senatu,
484 1510 713 1580 perstaret
733 1509 782 1560 in
805 1509 1005 1582 incepto
1028 1510 1227 1561 immitis
1254 1511 1356 1561 ani-

83 1594 191 1628 mus
223 1600 238 1639 3
276 1592 383 1628 tum
418 1592 554 1645 pater
589 1584 656 1631 M.
691 1577 860 1629 Fabius
889 1617 904 1640 ‚
941 1580 1353 1645 Quandoquidem,
1388 1592 1562 1637 Fabiipa.

78 1643 275 1713 inquit,
301 1647 421 1712 apud
445 1661 490 1695 te
523 1664 602 1695 nec
631 1647 880 1695 aufioritas
893 1645 1082 1711 senatit's
1100 1665 1120 1706 ,-
1146 1664 1223 1694 nec
1246 1662 1355 1695 aetas
1376 1640 1568 1722 ‘ftsffpass

78 1730 210 1769 mea,
241 1714 317 1760 cui
347 1714 584 1762 orbitatem
613 1727 792 1780 paras;
818 1731 896 1762 nec
929 1715 1084 1763 virtus
1114 1711 1357 1778 nobilitas-
1375 1700 1457 1735 ‘²1³1st
1490 1696 1542 1726 ‘a'

81 1796 169 1845 que
197 1780 406 1845 magistri
435 1781 640 1845 equitum
674 1782 701 1828 ἁ
730 1797 773 1828 te
808 1781 898 1846 ipso
932 1780 1157 1829 nominati
1189 1778 1318 1829 valet
1337 1800 1358 1841 ‚-

80 1863 163 1894 nec
188 1859 346 1912 preces
372 1881 388 1902 ,
429 1863 528 1910 quae
551 1848 669 1914 saepe
703 1847 861 1910 hostem
893 1847 1172 1911 mitigavere
1202 1882 1218 1902 ‚
1257 1864 1357 1913 quae

81 1914 264 1961 deorum
285 1913 381 1961 iras
398 1912 588 1979 placant
609 1935 624 1962 .·
647 1914 851 1962 tribunos
877 1912 1029 1980 plebis
1061 1912 1238 1981 appello
1253 1949 1270 1970 ,
1297 1913 1357 1967 (γ’

75 1993 270 2045 provoco
290 1980 349 2027 ad
359 1978 578 2045 populum
597 1998 615 2040 ;
639 1988 655 2013 ¹
687 1997 874 2046 eumque
895 1980 986 2029 tibi
994 1981 1206 2047 fugienti
1227 1998 1357 2030 exer-

80 2045 201 2094 cittis
229 2047 303 2093 tui
321 2081 334 2101 ,
359 2047 567 2112 fugienti
576 2046 764 2111 senatzis
778 2048 1009 2106 judicium
1027 2082 1043 2103 ,
1065 2049 1359 2113 jztdicemfe-

77 2130 126 2160 ro
144 2147 160 2168 ,
185 2113 270 2178 qui
299 2111 417 2161 certe
445 2131 560 2161 unus
587 2112 694 2180 plus
724 2117 861 2180 qudm
896 2128 976 2162 tua
1011 2115 1242 2163 difiamra
1269 2129 1356 2181 po·-

77 2179 158 2241 test
180 2177 431 2245 polletque.
469 2182 631 2229 Videre
664 2181 902 2248 ceffurusne
927 2183 1244 2247 provocationi
1257 2181 1351 2247 fis,

78 2255 100 2280 2
128 2247 206 2294 cui
222 2263 300 2293 rex
316 2253 547 2298 ,Romanus
569 2246 732 2296 Tullus
754 2245 978 2309 Hostilius
1002 2248 1137 2314 ceffit.
1170 2250 1240 2298 Ex
1268 2264 1355 2298 cu-

80 2310 150 2364 ria
182 2310 232 2361 in
260 2313 554 2364 concionem
585 2312 698 2365 itur.
730 2311 833 2382 quo
874 2330 988 2365 curn
1011 2313 1180 2383 paucis
1206 2312 1354 2365 dictae

130 2444 144 2470 1
172 2433 266 2472 Eum
279 2467 287 2477 .
306 2465 315 2474 .
332 2463 341 2474 .
361 2431 433 2471 tibi
448 2465 455 2474 .
473 2461 482 2472 .
497 2462 507 2473 .
523 2431 681 2480 iudicem
793 2447 813 2472 2
837 2434 908 2474 Cui
922 2465 932 2477 .
949 2465 957 2475 .
974 2464 984 2475 .
1012 2434 1143 2475 Tullus
1165 2433 1352 2487 Hostilius

66 2485 177 2538 fero]
208 2488 279 2535 Ei,
311 2498 500 2538 tanquam
530 2487 678 2538 judici,
734 2486 859 2538 ceffit]
895 2493 998 2528 Turn
1023 2489 1124 2528 ceffit
1147 2493 1349 2541 provoca-'

74 2552 116 2578 ut
132 2553 166 2578 te
183 2538 282 2578 listas
298 2539 466 2592 postulo.
484 2540 576 2583 Vid.
594 2553 677 2581 not,
735 2544 833 2580 tioni
847 2542 982 2581 Tullus
998 2542 1185 2581 Hostilius
1198 2571 1208 2589 ,
1222 2554 1348 2594 quum

68 2607 108 2641 4.
132 2593 182 2632 ad
202 2598 269 2633 111.
298 2607 362 2645 24.
738 2598 895 2635 Horatii
925 2598 1081 2637 causam
1110 2596 1131 2636 ἐι
1160 2596 1347 2638 duumvie
