1680 3110
284 221 288 224 ,
332 185 415 229 22
693 166 773 228 T.
856 166 904 228 L
953 188 975 230 1
1025 188 1068 232 v
1114 188 1136 230 1
1187 189 1210 230 r

117 249 212 286 ue.
229 259 313 294 370·
331 249 577 319 principes
597 248 797 318 quidam
813 248 1086 316 juventutis
1109 251 1327 315 inventi3
1359 261 1382 298 4
1405 251 1610 307 manif&-

120 297 311 342 ²‘C'³⁸²'
332 318 397 368 sta
419 315 798 384 fides5publicfi
830 334 923 385 ope
957 318 1166 369 Volscos
1199 317 1359 370 hostes
1394 322 1608 381 adiutos,

330 382 686 434 Circeienfium
707 401 909 451 quoque
928 384 1128 452 quidam
1149 386 1364 452 cogniti,
1393 391 1444 439 δε
1463 389 1611 441 colo-

330 451 383 501 ni
426 450 451 500 {a
490 450 721 501 Velitris:
762 453 1066 520 Romamque
1103 468 1272 503 omnes
1305 454 1454 517 miffi,
1493 473 1609 524 per·-

332 516 677 567 cunstantibus
697 516 993 584 primoribus
1007 521 1234 579 Parrum,
1268 519 1465 582 eadem,
1501 539 1609 591 quae

332 583 559 635 diCratori
575 624 589 646 ,
611 583 937 635 defestionem
961 584 1031 636 sui
1049 585 1255 654 quisque
1281 586 1452 656 populi
1473 588 1618 640 haud·

329 651 561 719 perplexe
590 650 885 703 indicavere.

398 722 531 768 XIV.
565 718 792 769 Dictator
815 715 1087 768 exercitum
1107 717 1156 767 in
1179 717 1361 771 stativis
1379 720 1612 784 tenebat,

333 783 535 836 minime
567 784 748 836 dubius
769 784 952 835 bellum
981 801 1094 834 cum
1121 784 1197 834 his
1218 787 1411 855 ¹copulis
1441 786 1613 839 Patres

336 850 572 918 jussuros:
609 870 764 919 quum
793 851 945 918 major
965 850 1097 902 domi
1117 868 1288 903 exorta
1318 853 1475 904 moles
1494 853 1613 906 coe'-

148 920 409 987 Manl?⁴·git
445 918 593 970 acciri
633 922 840 969 Romam
875 935 1024 979 eum,
1058 918 1292 986 gliscente
1324 920 1374 970 in
1407 920 1511 972 dies
1544 922 1613 972 se-

122 967 288 1050 ''f‘‚ftd“
334 986 555 1046 ditione,
589 1003 735 1054 quam
761 985 905 1035 solito
929 985 1080 1053 magis
1102 987 1407 1038 metuendam
1439 987 1613 1040 auCtot

335 1053 560 1104 faciebat.
594 1070 692 1102 non
721 1051 850 1102 enim
888 1052 982 1116 jam
1005 1052 1250 1104 orationes
1282 1053 1433 1105 modo
1468 1059 1610 1105 Man-

332 1121 416 1183 lii,
455 1119 535 1170 sed
556 1119 678 1170 faita
701 1117 956 1187 popularia
974 1119 1021 1168 in
1041 1120 1275 1187 speciem,
1308 1120 1613 1173 tumultuosa.

331 1188 532 1247 eadem,
574 1186 672 1255 qufi
706 1201 868 1236 mente
900 1184 1070 1236 fierent
1090 1225 1103 1247 ‚
1130 1197 1146 1222 ¹
1187 1187 1420 1239 intuenda
1454 1202 1611 1241 erant.

329 1254 696 1305 Centurionem
713 1292 728 1314 ,
748 1251 963 1303 nobilem
981 1251 1270 1304 militaribus
1293 1253 1460 1317 fastis,
1485 1266 1507 1290 2
1526 1254 1609 1322 ju·

331 1322 554 1372 dicatum
592 1319 809 1388 pecuniae
840 1338 994 1387 quum
1030 1320 1145 1370 duci
1179 1320 1404 1383 vidisset,
1446 1321 1614 1373 medio

335 1389 450 1440 foro
470 1405 582 1439 cum
603 1402 795 1438 caterva
820 1388 898 1437 sua
920 1387 1161 1447 accurrit,
1195 1391 1249 1438 δε
1273 1406 1469 1440 manum
1491 1388 1616 1456 inje-

336 1457 438 1507 cit:
481 1454 877 1522 vociferatusque
914 1453 975 1503 de
1016 1453 1236 1522 superbia
1276 1459 1512 1515 Parrum,
1555 1473 1615 1507 ac

336 1521 628 1573 crudelitate
666 1520 1029 1571 foeneratorum
1053 1558 1068 1581 ‚
1106 1523 1155 1571 δε
1188 1521 1390 1572 miseriis
1427 1522 1615 1591 plebis,

336 1589 607 1642 virtutibus
644 1587 747 1651 ejus
806 1588 896 1638 viri
941 1586 1238 1654 fortunaque
1287 1624 1304 1648 ,
1346 1593 1462 1639 Tum
1503 1589 1614 1640 υὲνδ

337 1671 418 1724 ego
434 1688 449 1714 ‚
485 1654 679 1724 inquit,
713 1657 1016 1721 nequicquam
1040 1658 1121 1703 hac
1144 1655 1304 1705 dextrd
1329 1656 1612 1724 Capitolium

338 1743 579 1790 arcemque
585 1724 880 1788 servaverim
902 1758 916 1776 ,
939 1722 986 1787 st
998 1725 1148 1771 civem
1172 1723 1616 1791 commilitonemque

335 1810 519 1847 meum,
555 1807 772 1855 tanquam
799 1787 955 1837 Gallis
989 1791 1245 1838 viHoribus
1279 1805 1485 1858 captum,
1523 1799 1540 1832 3
1564 1793 1617 1840 in

322 1860 602 1924 servitutem
640 1875 694 1905 ac
734 1855 928 1905 vincula
965 1857 1072 1905 duci
1108 1859 1310 1907 videam.
1350 1855 1470 1907 Inde
1507 1873 1614 1908 rem

389 1994 415 2029 4
439 1978 642 2030 Manifesta
660 1975 794 2026 fides]
826 1976 945 2024 Quod

337 2032 589 2072 manifestum
674 2043 946 2082 argumentum

336 2101 434 2127 erar.

392 2153 406 2177 1
455 2138 674 2187 Intuenda]
718 2144 814 2192 Lege
856 2152 946 2179 cum

335 2195 540 2234 Gronovio
559 2193 721 2230 intuenti
736 2208 749 2230 .·
764 2193 803 2231 id
824 2192 875 2232 est
889 2222 901 2241 ,
919 2192 945 2232 fi

334 2252 422 2300 quis
449 2249 658 2286 intueretur
677 2274 688 2293 ‚
711 2245 788 2299 quii
818 2259 946 2286 mente

335 2301 485 2340 fierent.

392 2369 413 2392 2
430 2353 651 2393 Indicatum
664 2354 823 2407 pecuniae
837 2360 853 2404 ]
880 2358 947 2393 Pe-

335 2411 457 2448 cuniae
488 2406 639 2446 credirae
668 2435 678 2453 ,
709 2420 778 2446 nec
812 2408 945 2447 solutae

335 2465 494 2502 nomine
520 2460 764 2499 damnatum.
787 2462 945 2501 Judica-

338 2520 384 2554 tis
418 2528 547 2554 autem
582 2517 750 2566 pecuniae
784 2517 947 2568 triginta

337 2571 416 2608 dies
434 2570 628 2607 dabantur
643 2597 654 2615 ‚
675 2569 947 2619 conquirendae

336 2626 504 2675 pecuniae
530 2620 643 2660 caus&
667 2635 784 2673 quam
813 2619 948 2660 dissol-

337 2689 482 2716 verent.
514 2675 664 2724 Quibus
688 2673 822 2728 elapsis
836 2704 850 2724 ‚
877 2674 947 2715 nisi

1003 1976 1257 2018 dissolveranr
1282 2005 1294 2025 ‚
1328 1977 1610 2018 addicebantur

1001 2032 1200 2071 creditori.
1241 2036 1374 2078 Quum
1401 2034 1519 2084 igitur
1548 2033 1614 2072 hic

1001 2088 1176 2124 centurio
1210 2083 1340 2123 statim
1379 2085 1467 2124 duci
1504 2085 1613 2125 dica-

1001 2150 1064 2177 tur
1082 2168 1094 2187 ‚
1125 2137 1422 2191 intelligendum
1447 2137 1499 2177 est
1521 2152 1614 2178 eum

1000 2205 1081 2231 non
1116 2191 1237 2231 modo
1272 2192 1518 2241 judicatum,
1548 2192 1614 2233 sed

1001 2249 1122 2286 etiam
1150 2245 1349 2285 addictum
1376 2243 1501 2285 fuisse.

1057 2315 1069 2349 3
1099 2303 1122 2338 I
1125 2315 1147 2338 n
1159 2299 1380 2352 servientem
1397 2298 1614 2346 achvincula

1001 2353 1117 2403 duci]
1146 2354 1330 2393 Addictus
1348 2352 1531 2392 creditori
1548 2353 1614 2392 de-

1003 2408 1109 2447 bitor
1127 2409 1322 2460 sexaginta
1340 2406 1419 2446 dies
1432 2407 1614 2446 habeba-

1002 2473 1064 2499 tur
1089 2464 1129 2499 in
1153 2461 1329 2500 vinculis.
1355 2463 1413 2499 Ac
1431 2489 1442 2508 ,
1464 2459 1534 2499 nifi
1553 2463 1614 2499 in·

1002 2526 1105 2553 terea
1142 2516 1270 2568 pacrus
1310 2513 1413 2553 foret
1440 2542 1453 2563 ,
1489 2516 1617 2566 capite

1002 2581 1134 2620 poenas
1155 2568 1274 2607 dabat
1290 2596 1300 2615 ‚
1330 2580 1397 2607 aut
1416 2580 1520 2606 trans
1543 2570 1613 2606 Ti·-

1003 2623 1129 2663 berim
1154 2635 1311 2676 peregre
1341 2634 1483 2662 venum
1513 2619 1610 2660 ibat.
