1669 3052
437 134 491 192 L
540 151 566 192 1
611 148 647 191 Β
695 148 732 190 Ε
782 150 821 191 Β
904 129 977 189 X.
1223 150 1343 209 371

72 214 133 265 ab
166 211 401 280 signiferis
436 230 570 285 rapta
602 216 731 282 figna
764 212 945 265 inferre
968 253 982 274 ,
1007 213 1058 263 &
1096 210 1351 262 ostendere
1369 217 1553 278 L¹.q.458-

75 281 204 340 suiS‚
232 297 414 347 paucos
452 286 501 333 δε
539 281 796 333 ordinibus
834 277 1168 347 incompositis
1202 271 1559 329 &susem-²9⁴·

75 346 242 397 venire
265 348 440 399 hostes,
467 353 602 398 Inter
625 348 727 398 haec
752 346 919 399 consul
939 385 954 408 ,
975 362 1146 396 manus
1170 345 1229 396 ad
1254 361 1361 396 coe-

75 412 177 464 lum
209 415 438 465 attollens
459 456 473 477 ,
498 432 625 468 voce
648 414 776 465 clara
809 415 877 464 ita
915 428 972 464 ut
1004 413 1320 464 exaudiretur
1340 450 1359 474 ,

80 479 322 548 templum
339 488 365 532 J
369 483 452 532 ovi
472 481 654 532 Statori
667 495 837 543 vovet,
851 480 884 529 fi
899 479 1184 530 constitisset
1201 479 1226 529 ὲ
1242 478 1362 555 fuga

77 548 293 597 Romana
318 548 446 598 acies
464 586 480 608 ,
510 547 945 614 redintegratoque
971 547 1136 614 praelio
1160 547 1363 597 cecid1s-

78 614 149 663 set
192 613 481 680 vicissetque
535 614 755 681 legiones
802 613 1109 665 Samnitium.
1168 618 1364 664 Omnes

76 680 298 746 undique
335 680 481 731 annisi
519 680 579 730 ad
611 679 955 731 restituendam
983 694 1198 747 pugnam
1218 719 1234 742 ,
1267 680 1361 731 du-

77 763 159 796 ces
179 783 194 805 ‚
218 747 399 798 milites
421 785 436 806 .,
464 747 686 815 peditum
718 747 1047 817 equitumque
1080 746 1175 798 vis,
1209 755 1226 788 3
1260 765 1361 798 nu-

76 830 190 863 men
226 815 376 864 etiam
413 814 620 865 deorum
663 812 914 880 respexisse
960 829 1140 863 nomen
1177 815 1360 864 Roma-

75 897 195 932 num
226 881 412 933 visum:
438 881 560 932 adeo
596 880 743 933 facile
778 880 1009 931 inclinata
1035 897 1111 930 res
1138 919 1150 941 ‚
1191 881 1360 946 repul-

76 945 209 1015 fique
251 948 276 997 a
313 947 474 997 castris
511 947 707 1008 hostes,
744 964 862 997 mox
900 946 1048 997 etiam
1082 946 1261 998 redaffi
1297 947 1360 999 ad

77 1031 190 1064 eum
211 1014 378 1064 locum
409 1013 455 1064 in
485 1033 587 1082 quo
617 1013 863 1064 commissa
894 1028 1059 1081 pugna
1093 1028 1209 1064 erat.
1248 1014 1360 1076 Ibi,

76 1080 331 1145 obiacente
367 1081 659 1131 sarcinarum
695 1080 897 1131 cumulo
919 1119 934 1140 ‚
977 1097 1097 1146 quas
1132 1079 1359 1142 conjece-

77 1162 185 1198 rant
222 1148 270 1197 in
305 1147 549 1209 medium,
576 1147 749 1197 haesere
783 1145 1007 1216 impediti
1037 1165 1048 1195 t
1081 1145 1258 1196 deinde
1296 1163 1360 1198 ne

75 1213 405 1281 diriperentur
445 1232 520 1264 res
555 1253 570 1276 ,
609 1214 780 1264 orbem
819 1228 1118 1264 armatorum
1163 1213 1364 1264 sarcinis

77 1280 400 1332 circumdant.
427 1284 555 1332 Tum
578 1279 700 1332 vero
725 1297 809 1331 eos
833 1281 860 1330 a
886 1279 1051 1330 fronte
1074 1294 1250 1346 urgere
1273 1297 1362 1348 pe-

77 1347 204 1397 dites
220 1386 236 1408 ,
260 1348 319 1397 ab
341 1363 482 1415 tergo
504 1347 828 1398 circumveffi
853 1347 1062 1416 equites.
1086 1347 1154 1396 ita
1175 1347 1225 1397 in
1247 1364 1359 1397 me-

77 1413 162 1464 dio
201 1414 300 1464 caefi
342 1416 589 1482 captique.
633 1415 943 1482 captivorum
987 1430 1220 1465 numerus
1258 1413 1362 1464 fuit·

74 1483 257 1548 septem
294 1481 501 1531 millium
536 1498 591 1531 ac
625 1495 964 1531 trecentorum
999 1518 1015 1540 ‚
1057 1479 1143 1546 qui
1186 1497 1363 1531 omnes·

76 1548 197 1598 nudi
223 1548 310 1598 sub
335 1549 505 1615 jugum
531 1547 665 1598 miffi.
696 1550 840 1598 caesos
866 1558 890 1590 4
914 1545 1125 1597 retulere
1149 1546 1208 1596 ad
1234 1565 1356 1614 qua-

75 1629 191 1665 tuor
227 1614 375 1665 millia
410 1615 738 1682 ostii-gentos,
773 1620 851 1665 Ne
885 1614 1118 1664 Romanis
1152 1613 1359 1681 quidem

4 1708 6 1711 ·
75 1681 178 1731 laeta
205 1682 410 1732 vistoria
435 1682 549 1733 fuit.
576 1683 858 1732 recensente
883 1679 1083 1731 consule
1105 1679 1260 1731 biduo
1281 1699 1363 1732 ac·-

76 1764 268 1816 ceptam
299 1748 487 1798 cladem
514 1787 529 1811 ‚
571 1747 848 1799 amissorum
879 1747 1092 1797 militum
1123 1764 1364 1800 numerus

76 1816 257 1867 relatus
302 1817 483 1882 septem
525 1814 674 1866 millia
715 1814 941 1866 trecenti.
984 1817 1118 1864 Dum
1163 1814 1263 1864 haec
1305 1814 1364 1865 inf

76 1882 258 1949 Apulia
302 1882 596 1949 gerebantur
618 1884 644 1943 ,⁷
670 1882 822 1933 altero
856 1881 1078 1931 exercitu
1117 1882 1367 1932 Samnites-

76 1953 403 1999 Interamnam
435 1948 680 1999 coloniam
705 1952 970 1999 Romanam
989 1985 1004 2007 ‚
1031 1964 1137 2016 quae
1161 1947 1240 2000 via
1268 1952 1364 1999 Las*

79 2015 180 2066 tina
214 2015 309 2075 est,
332 2033 577 2083 occupare
610 2016 775 2066 conati
800 2034 819 2078 ‚‘
847 2015 1021 2066 urbem
1056 2031 1155 2064 non
1186 2031 1362 2066 tenue-2

78 2097 191 2133 runt
214 2096 396 2148 :agros
429 2082 753 2150 depopulati,
788 2100 943 2151 quum
979 2081 1185 2149 praedam
1212 2082 1365 2132 aliana

77 2149 191 2200 inde
222 2148 414 2199 mistam‘
439 2149 697 2200 hominum
730 2165 877 2216 atque
905 2147 1188 2215 pecudum,
1218 2147 1364 2199 colo-2

78 2218 263 2284 nosque
296 2231 466 2283 captos
499 2231 697 2283 agerent
722 2256 736 2277 ,
774 2217 822 2266 in
853 2214 1093 2267 vistorem
1129 2214 1367 2266 incidunt·

79 2282 330 2335 consulem
348 2320 363 2344 ‚
386 2281 445 2332 ab
467 2283 671 2335 Luceria
691 2283 1016 2336 redeuntem:
1040 2298 1130 2333 nec
1151 2281 1367 2350 praedamr

127 2483 143 2518 3
166 2472 313 2507 Numen
333 2469 449 2507 etiam
468 2464 691 2508 deorum‘re-
790 2484 817 2521 4
843 2470 1012 2512 Retulere
1027 2477 1051 2520 ]’
1075 2470 1107 2508 1¹1
1125 2469 1267 2523 quibus
1287 2469 1369 2508 da*

77 2521 233 2578 spexiffe
252 2536 383 2560 nomen
408 2526 616 2561 Roma-anm
634 2524 692 2561 vi·
749 2535 835 2565 tum
855 2527 1059 2578 negotium
1077 2536 1159 2563 erat
1180 2535 1221 2562 ut
1243 2524 1373 2563 caeson-

73 2580 158 2630 sum
175 2581 191 2624 ]
220 2577 286 2613 Dii
306 2589 460 2628 quoque
480 2575 549 2617 vifi
570 2577 695 2630 respe-
750 2591 839 2621 rum
860 2591 1030 2634 corpora
1047 2588 1321 2617 numerarent„

7 2652 10 2654 v
77 2626 172 2671 xus:
209 2633 436 2671 Romaaos.

1031 2682 1169 2754 ija
