1680 3110
349 136 482 216 356
743 138 1252 210 T.L1v11·

146 216 332 264 lle-4³7·
354 232 428 267 ter
466 217 586 269 duas
624 219 752 269 acies
792 222 1011 273 decurrit
1047 244 1059 276 ε
1092 227 1204 278 inde
1243 229 1437 284 diversae
1472 231 1630 296 feraess

144 265 496 334 ³⁸⁶·²95·cerva
533 284 593 333 ad
633 285 801 335 Gallos
826 324 840 346 ‚
874 286 1020 356 lupus
1057 293 1116 342 ad
1148 297 1389 349 Romanos
1428 302 1629 351 cursum„

350 348 566 399 deflexit.
605 353 744 418 Lupo
773 351 884 403 data
909 354 1038 420 inter
1063 359 1258 411 ordines
1289 365 1365 414 via
1388 387 1402 424 ς
1427 384 1621 416 cervam

350 414 482 464 Galli
507 416 770 469 confixere.
799 422 926 470 Tum
952 440 1010 472 ex
1036 426 1351 494 antefignanis
1375 434 1623 483 Romanus

347 479 489 529 miles
508 521 520 538 ,
551 482 670 532 Illac
690 488 811 551 fuga
829 523 844 543 ,
871 486 1033 555 inquit
1050 530 1063 552 ‚
1096 493 1153 546 ὠ
1181 498 1319 544 caedes
1345 502 1517 555 vertit,
1541 499 1623 547 ubi

337 548 522 610 sacram
556 552 724 600 Dianae
740 555 893 617 firam
910 561 1138 614 jacentem
1170 564 1357 612 videtis.
1391 567 1512 614 Hinc
1538 567 1622 614 vi·-

347 614 445 661 ἑῖον
478 619 681 665 Martius
716 618 849 686 lupus
868 657 882 676 ,
915 625 1091 689 integer
1124 626 1181 678 ᾤ’
1211 630 1411 678 τ’νιταῖἰιω·
1429 666 1443 687 ,
1463 633 1622 696 gentis

347 697 426 728 nos
455 684 640 733 Μαντίας
675 684 735 736 (γ’
767 689 1012 737 conditoris
1042 693 1178 753 nqllri
1205 697 1451 746 admonuit.
1490 700 1621 747 Dex-

176 751 332 788 Pralium
350 758 428 795 tro
452 762 606 798 cornu
633 750 795 810 Galli,
822 750 1003 803 finistro
1024 758 1261 808 Samnites
1279 762 1619 814 constiterunt.

137 809 210 880 ἕξω
226 801 316 882 gat-
350 811 600 864 Adversus
635 817 871 867 Samnites
902 820 1075 871 Fabius
1104 825 1306 890 primam
1341 845 1395 877 ac
1427 831 1634 891 tertiam,

137 895 310 930 samniti.
346 876 566 945 legiones
592 920 603 939 ‚
631 900 719 950 pro
754 882 928 935 dextro
959 904 1145 951 cornu3
1170 891 1398 944 adversus
1424 895 1621 959 Gallos,

126 940 207 980 ⁴¹⁶³·
346 963 436 1013 pro
467 945 647 997 finistro
664 989 680 1010 ‚
704 950 890 1000 Decius
919 953 1140 1019 quintam
1165 960 1214 1007 &
1239 960 1418 1010 sextam
1446 962 1621 1013 instru-

342 1011 429 1062 xit.
456 1013 664 1064 secunda
689 1020 742 1066 δε
767 1032 969 1083 quarta,
998 1037 1111 1070 cum
1135 1027 1187 1074 L.
1210 1025 1481 1077 Volumnio
1505 1047 1620 1095 pro-

341 1079 542 1129 consule
566 1120 580 1140 ,
612 1082 662 1131 in
701 1083 896 1133 Samnio
935 1087 1169 1152 gerebant
1212 1090 1412 1142 bellum.
1451 1095 1618 1146 Primo

341 1148 585 1196 concursu
602 1184 616 1205 ‚
640 1147 763 1197 adeo
784 1152 934 1218 aequis
955 1153 1142 1204 viribus
1163 1156 1290 1223 gesta
1315 1176 1390 1208 res
1416 1160 1511 1223 est,
1530 1177 1617 1224 ut,

338 1209 371 1259 fi
392 1210 649 1262 adfuissent
676 1217 862 1266 Etrusci
887 1220 940 1267 δε
966 1219 1166 1282 Umbri,
1191 1238 1274 1274 aut
1295 1225 1344 1274 in
1373 1227 1505 1287 acie,
1530 1242 1617 1279 aut

339 1275 389 1326 in
419 1277 582 1327 castris
611 1317 625 1338 ‚
669 1298 989 1351 quocumque
1028 1288 1074 1336 se
1111 1287 1412 1342 inclinassent
1434 1330 1451 1354 ,
1486 1295 1614 1347 acci-

337 1342 515 1410 pienda
541 1344 701 1396 clades
735 1346 902 1398 fuerit.

403 1414 443 1458 X
459 1414 498 1458 X
517 1416 560 1461 V
580 1415 639 1460 11
661 1417 698 1462 Ι.
734 1414 972 1466 Ceterum
991 1457 1004 1478 ,
1030 1437 1310 1489 quanquam
1339 1427 1615 1481 communis

335 1474 499 1528 adhuc
534 1484 666 1528 Mars
692 1480 807 1529 belli
841 1498 973 1545 erat,
997 1486 1208 1537 necdum
1234 1488 1489 1542 discrimen
1513 1493 1615 1545 for-

335 1554 455 1592 tuna
479 1541 665 1594 fecerat
682 1583 697 1607 ‚
722 1546 818 1614 qua
840 1549 1011 1600 datura
1032 1554 1161 1603 vires
1189 1554 1302 1606 esset
1323 1576 1338 1617 3
1356 1557 1613 1626 haudqua-

334 1625 483 1674 quam
511 1608 674 1660 similis
709 1627 870 1680 pugna
902 1615 952 1666 in
987 1616 1162 1669 dextro
1196 1620 1417 1690 laevoque
1454 1643 1611 1679 cornu

334 1690 455 1725 erat.
506 1678 710 1729 Romani
751 1679 880 1747 apud
919 1682 1116 1748 Fabium
1157 1687 1385 1740 arcebant
1420 1693 1606 1759 magis,

333 1741 487 1807 quam
515 1741 790 1795 inferebant
817 1762 1057 1814 pugnam,
1085 1753 1533 1826 extrahebaturque
1559 1760 1609 1812 in

332 1807 484 1875 quam
516 1810 722 1861 maxime
755 1813 910 1863 serum
942 1816 1314 1871 diei'certamen
1344 1839 1355 1872 ε
1394 1824 1508 1891 quia
1540 1826 1609 1879 ita

330 1875 608 1942 persuasum
650 1892 752 1927 erat
791 1878 905 1930 duci
978 1886 1028 1933 &
1063 1887 1302 1938 Samnites
1341 1892 1394 1940 δε
1436 1890 1606 1944 Gallos

330 1940 491 2006 primo
519 1941 706 2010 impetu
731 1942 927 1998 feroces
953 1949 1072 2011 effe,
1092 1970 1217 2020 quos
1249 1954 1465 2007 sustineri
1493 1959 1605 2011 satis

331 2005 662 2073 fit:longiore
695 2013 959 2065 certamine
997 2017 1159 2067 sensim
1187 2020 1389 2071 residete
1414 2024 1604 2074 Samni-

330 2073 459 2122 tium
487 2075 674 2125 animos
696 2095 707 2126 z
729 2077 984 2131 Gallorum
1007 2083 1207 2151 quidem
1229 2087 1375 2138 etiam
1397 2105 1607 2158 corpora

329 2137 744 2193 intolerantissima
782 2145 960 2197 laboris
999 2163 1149 2217 atque
1184 2152 1316 2203 aestt'is
1357 2164 1373 2188 ¹
1416 2153 1605 2222 fluere,

328 2204 585 2272 primaque
609 2224 779 2260 eorum
797 2212 952 2277 praelia
971 2214 1222 2285 plusquam
1242 2219 1461 2271 virorum
1476 2260 1492 2282 ‚
1517 2243 1602 2291 po·-

329 2269 501 2325 strema
528 2272 685 2324 minus
706 2277 854 2344 quam
879 2277 1166 2333 feminarum
1189 2282 1299 2337 esse.
1326 2290 1384 2335 In
1405 2286 1455 2337 id
1479 2303 1601 2340 tern-

328 2353 422 2404 pus
448 2338 627 2404 igitur,
651 2359 752 2408 quo
777 2343 908 2394 vinci
940 2347 1122 2398 solebat
1151 2350 1298 2402 hostis
1316 2390 1330 2412 ,
1353 2353 1499 2420 quam
1522 2357 1598 2406 in-

329 2404 615 2472 tegerrimas
645 2408 773 2460 vires
806 2409 949 2462 militi
981 2414 1212 2469 servabat.
1245 2419 1471 2471 Ferocior
1497 2425 1599 2475 De-

380 2574 397 2601 1
421 2563 579 2616 Pluere]
599 2567 699 2625 Labi
714 2595 724 2614 ,
746 2569 872 2618 solvi,
891 2585 936 2610 ex
992 2579 1080 2614 VII.
1103 2589 1163 2625 33-
1191 2581 1242 2622 «φ
1260 2577 1376 2630 fluere
1395 2580 1474 2628 y'am
1497 2581 1595 2637 laffi-

324 2617 607 2671 defatigatione
626 2621 798 2663 deficere.
817 2625 934 2679 Supra
987 2628 1118 2670 tudine
1138 2631 1243 2672 vires
1256 2661 1268 2680 ‚
1285 2631 1481 2685 sentirent.
