1680 3110
347 82 470 155 198
773 87 848 147 T.
927 90 982 150 L
1025 114 1052 152 1
1095 114 1139 155 v
1182 118 1207 157 1
1250 119 1276 158 1

123 174 309 221 lle-429.
338 161 557 213 Sotimus
595 160 620 197 6
652 165 866 218 minister
901 187 960 221 ex
996 177 1141 242 regiis
1208 180 1373 243 ueris,
1412 185 1533 252 quid
1563 187 1623 240 in
1668 190 1680 254 j

120 224 309 272 ²·C·323·
333 240 472 279 tanto
504 229 780 282 discrimine
813 236 1020 303 periculi
1051 254 1177 296 cunc
1202 263 1364 300 aretur
1396 251 1614 304 interro-
1662 256 1680 320 ’ξ

331 310 450 363 gans
470 332 485 355 ,
519 296 703 347 indicat
733 303 958 355 Lucanos
984 307 1165 360 infidiis
1191 330 1402 382 quaerere
1426 318 1612 372 locum.
1660 328 1680 375 ji

332 365 487 424 Quos
509 362 595 412 ubi
621 366 831 432 respexit
856 387 941 420 rex
969 377 1142 440 procul
1176 394 1324 449 grege
1359 385 1489 436 ,ἕάἂο
1525 404 1610 439 ve-
1675 400 1680 458 ς’

333 430 524 478 niemez
546 467 557 486 ‚
583 429 773 499 stringit
799 435 1017 503 gladium
1042 481 1054 503 ‚
1090 447 1140 494 3<
1172 465 1257 514 pet
1279 452 1496 503 medium
1519 470 1615 505 am-
1678 513 1680 519 ,

333 508 451 545 nem
499 499 781 550 transmittit
830 520 1029 571 equum.
1083 516 1291 583 Jamque
1335 517 1384 566 in
1433 520 1614 573 vadum
1678 558 1680 584 2

328 561 575 628 egressum
592 602 607 624 ,
631 567 820 618 eminus
845 588 1023 624 veruto
1053 580 1280 632 Lucanus
1304 584 1436 636 exsul
1460 600 1616 640 trans-
1674 590 1680 638 ”.

330 627 456 696 figit.
488 628 673 698 lapsum
709 634 821 686 inde
857 654 971 689 cum
1003 643 1267 700 inhaerente
1300 652 1400 701 telo
1434 647 1614 722 cornus

332 695 559 747 exanime
585 697 765 751 detulit
790 704 942 755 amnis
969 707 1015 757 in
1048 709 1259 765 hostium
1282 718 1506 785 pi-aefidia,
1538 722 1616 774 Ibi

331 759 475 814 foeda
504 763 738 818 laceratio
768 773 989 841 corporis
1022 774 1161 829 faeta.
1197 797 1408 860 namque
1440 826 1455 848 ,
1498 806 1613 857 prae-
1678 819 1680 822 ·

331 828 434 879 ciso
474 831 640 882 medio
656 871 672 896 ,
695 851 880 903 partem
918 842 1236 899 Consentiam
1276 853 1479 905 misere:
1505 874 1615 923 pars

327 894 442 963 ipsis
473 913 664 950 retenta
699 902 760 953 ad
787 904 1070 962 ludibrium.
1109 932 1215 982 quae
1251 935 1407 984 quum
1435 920 1613 987 jaculis

317 964 552 1033 *saxisque
576 969 751 1036 procul
772 971 1086 1029 incesseretur
1102 1019 1118 1041 ‚
1141 983 1319 1035 mulier
1339 1003 1433 1038 una
1448 1027 1463 1050 ‚
1489 998 1511 1030 ⁷
1533 990 1609 1043 ul-

327 1043 401 1082 tra
445 1031 768 1088 humanarum
806 1039 987 1094 irarum
1025 1044 1169 1098 fidem
1209 1051 1421 1105 saevienti
1456 1057 1611 1109 turbae

324 1094 534 1150 immista
556 1139 569 1161 ‚
597 1118 652 1153 ut
668 1109 1228 1176 parumper'susti'nerent
1245 1137 1467 1186 precata,
1487 1122 1609 1176 flens

326 1163 431 1226 ait,
453 1167 615 1218 virum
647 1170 733 1221 fibi
768 1172 1046 1246 liberosque
1075 1198 1246 1252 captos
1279 1188 1409 1255 apud
1443 1189 1607 1243 hostes

327 1231 439 1282 effe.
471 1234 661 1303 sperare
678 1277 693 1299 ‚
715 1255 925 1309 corpore
953 1246 1091 1314 regio
1120 1265 1396 1321 utcumque
1424 1257 1607 1310 mulca-

324 1311 380 1348 to
401 1338 416 1359 ‚
452 1300 499 1351 se
533 1302 1056 1378 suosredempturam.
1101 1321 1151 1367 Is
1179 1317 1289 1370 finis
1318 1321 1605 1378 lacerationi

319 1362 423 1416 fuit
454 1384 467 1416 :
501 1368 743 1438 sepultum
784 1392 846 1426 ue
876 1379 1153 1433 Consentiae
1186 1386 1326 1454 quod
1358 1391 1606 1444 membro-

318 1448 433 1484 rum
465 1434 714 1505 reliquum
745 1393 875 1504 suit,
902 1446 1020 1498 cura
1043 1449 1261 1503 mulieris
1287 1456 1432 1508 unius
1452 1476 1463 1508 ε
1482 1458 1603 1511 offa·-

318 1516 419 1567 que
449 1505 793 1573 Metapontum
823 1511 882 1562 ad
910 1512 1073 1566 hostes
1098 1518 1282 1571 remissa
1305 1561 1319 1584 ‚
1351 1523 1466 1576 inde
1487 1526 1603 1596 Epi·

316 1583 432 1618 tum
456 1567 657 1623 devecta
679 1574 739 1625 ad
763 1576 1078 1648 Cleopatram
1102 1603 1308 1639 uxorem
1323 1627 1339 1649 ‚
1362 1591 1601 1645 sororem-2

316 1649 419 1701 que
448 1636 800 1708 Olympiadem
820 1665 834 1695 ε
855 1665 1063 1716 quarum
1095 1668 1249 1707 mater
1285 1658 1452 1725 Magni
1484 1659 1598 1713 Ale-

316 1700 489 1752 xandri
521 1703 671 1758 altera
691 1747 707 1770 ,
744 1712 879 1763 soror
909 1714 1056 1768 altera
1089 1717 1200 1772 fuit.
1238 1725 1355 1774 Haec
1384 1724 1445 1776 de
1482 1727 1599 1780 Ale-

314 1768 490 1820 xandri
517 1774 554 1821 E
591 1773 754 1826 irensis
786 1779 907 1831 tristi
936 1798 1117 1836 eventu
1137 1824 1152 1848 ,
1177 1805 1457 1864 quanquam
1496 1797 1592 1846 Ro-

312 1849 462 1887 mano
485 1836 544 1889 be
566 1839 615 1890 lo
640 1840 840 1896 fortuna
862 1864 976 1900 eum
1004 1851 1265 1914 abstinuit,
1291 1872 1453 1910 tamen
1476 1863 1594 1930 quia

311 1900 364 1952 in
384 1903 527 1956 Italia
548 1906 676 1961 bella
698 1912 835 1977 geffit
851 1953 867 1976 ‚
889 1918 1056 1983 paucis
1076 1918 1243 1973 dixiffe
1264 1924 1373 1976 satis
1395 1926 1464 1979 fit.
1499 1933 1598 1980 Eo-

124 1985 287 2026 Qmmmm
311 1967 425 2020 dem
459 1989 587 2026 anno
623 1977 643 2010 8
682 1976 1032 2036 lectisternium
1069 1977 1234 2040 Romae
1271 1993 1451 2060 quinto
1485 1997 1592 2062 post

93 2030 256 2084 Μέθῃ·
309 2037 561 2090 conditam
585 2042 757 2095 urbem
774 2087 789 2106 ,
818 2047 989 2103 iisdem
1011 2054 1193 2122 quibus
1215 2057 1324 2109 ante
1343 2096 1359 2120 ‚
1391 2060 1592 2128 placan-

191 2109 202 2120 ·
308 2103 384 2155 dis
405 2104 630 2160 habitum
653 2111 719 2162 est
740 2113 847 2167 diis.
1564 2140 1571 2143 ’

361 2221 386 2249 6
418 2215 594 2269 Minister
617 2232 665 2257 ex
692 2223 805 2274 regiis
827 2233 916 2279 pue·
972 2227 1076 2267 credi
1102 2230 1226 2280 potest
1246 2231 1464 2277 humanam
1484 2235 1588 2280 iram

302 2265 390 2317 ris]
428 2272 641 2323 Armiger,
674 2288 719 2312 ex
749 2276 820 2315 illa
846 2291 911 2318 co·
971 2284 1173 2335 progredi.

298 2320 418 2359 horte
444 2336 656 2374 puerorum
682 2330 879 2370 nobilium
900 2360 911 2380 ,

302 2377 371 2425 qui
392 2377 494 2427 apud
517 2391 622 2430 reges
644 2385 754 2421 varia
777 2387 912 2425 munia
1027 2390 1048 2426 8
1071 2387 1344 2445 &Hister-nium
1359 2422 1368 2433 .
1389 2421 1397 2432 .
1423 2397 1584 2451 quintb]

301 2427 500 2478 obibant,
533 2446 752 2477 memorata
771 2436 792 2478 a
812 2443 911 2478 Cut-
969 2441 1106 2482 Tertio
1140 2444 1287 2486 fastum
1321 2448 1447 2488 fuerat
1477 2465 1585 2492 anno

299 2482 388 2529 tio,
409 2482 435 2520 1.
460 2489 569 2524 VIII.
593 2502 625 2527 c.
649 2501 714 2528 21.
972 2507 1061 2541 391.
1100 2499 1193 2538 Vid.
1228 2505 1317 2540 VII.
1352 2516 1390 2541 2.
1429 2506 1584 2550 Quarto

354 2547 379 2580 7
408 2535 529 2576 vltra
559 2539 806 2582 humanarum
835 2546 911 2585 ira·
967 2561 1096 2588 autem
1130 2554 1290 2603 quando
1319 2555 1466 2595 faCtum
1498 2558 1581 2596 fue·

294 2600 374 2627 rum
407 2589 528 2643 ficiem
555 2600 572 2647 J
629 2597 743 2640 Ultra
786 2600 906 2654 quam
965 2606 1017 2644 xit
1033 2632 1047 2655 ,
1073 2607 1268 2660 nusquam
1286 2608 1399 2650 docet
1418 2613 1561 2654 Livius.
