1680 3110
293 147 423 221 '342
698 146 771 208 T.
862 151 915 211 L
962 175 990 213 1
1035 171 1080 216 v
1124 178 1152 218 1
1203 181 1231 221 1

79 220 274 263 U·C·4<‘·
294 234 522 289 precatus
551 223 644 276 effe
680 245 693 277 :
731 228 918 282 Bellona
933 235 984 299 si
1007 239 1136 289 hodie
1166 241 1293 292 nobis
1319 244 1580 301 viaoriani-

83 269 272 314 ³·C·²9⁶'
297 295 316 331 3
354 291 491 349 duis,
522 293 587 353 ast
621 310 700 357 ego
736 297 956 365 templum
989 304 1081 354 tibi
1109 325 1270 358 voveo,
1307 312 1422 362 Haec
1452 332 1568 380 pre-

290 368 432 404 catus
450 391 464 414 ,
487 355 626 407 velut
655 357 909 428 instigante
942 366 1032 419 de&
1052 407 1068 430 ‚
1104 381 1131 415 4
1164 375 1215 424 &
1244 374 1341 442 ipse
1366 378 1569 449 collegae

289 423 349 471 δε
375 420 621 473 exercitus
641 424 878 481 virtutem
903 432 1187 505 adaequavit.
1215 443 1382 494 Duces
1406 445 1566 516 impe-

291 486 473 537 ratoria
502 506 649 556 opera
680 496 1013 563 exsequuntur
1041 526 1056 566 ς
1089 507 1140 556 δε
1170 506 1382 571 militeS,
1412 528 1473 563 ne
1504 514 1566 565 ab

291 550 443 603 altera
499 570 600 607 arte
623 558 756 624 prius
779 563 983 619 vietoria
1003 569 1236 640 incipiat,
1261 577 1570 635 annituntur.

288 619 421 686 Ergo
448 573 664 674 AEndunt
692 626 962 700 fugantque
990 635 1180 702 hostes,
1203 642 1434 711 majorem
1463 663 1570 698 mo-

288 683 388 736 lem
419 685 551 740 haud
588 689 732 744 facile
769 697 1051 754 sustinentes
1080 744 1096 766 ‚
1135 707 1285 776 quium
1318 728 1429 762 cum
1466 731 1566 782 qua

287 768 461 805 manus
496 759 751 812 conserere
784 763 951 818 affueti
980 768 1194 827 fuerant.
1226 777 1447 844 urgendo
1481 798 1566 831 ce·

285 818 497 885 dentes,
524 823 928 901 insequendoque
962 836 1139 891 effusos
1179 845 1463 912 compulere
1502 847 1564 899 ad

285 884 454 939 castra.
497 889 606 954 Ibi,
643 910 925 952 interventu
962 904 1149 968 Gellii,
1176 910 1564 981 cohortiumque

284 960 314 994 5
353 954 651 1010 Sabellarum
679 1000 696 1023 ,
772 965 976 1035 aulisper
1010 974 1264 1025 recruduit
1294 993 1471 1045 pugna.
1503 981 1565 1032 iis

283 1035 492 1088 quoque
527 1042 643 1076 mox
670 1026 722 1080 fu
743 1048 782 1082 rs
800 1071 812 1092 ,
840 1033 933 1098 jam
958 1035 983 1087 a
1005 1038 1276 1093 vic‘toribus
1298 1046 1445 1096 castra
1469 1065 1564 1115 op-

281 1089 628 1153 pugnabantur
661 1113 671 1146 :
702 1099 752 1148 &
779 1116 933 1167 quum
963 1105 1257 1159 Volumnius
1285 1110 1383 1179 ipse
1412 1128 1563 1180 portae

280 1150 315 1202 fi
353 1170 412 1203 na
462 1155 666 1211 inferret
707 1202 718 1222 ‚
768 1168 958 1235 Appius
1010 1172 1259 1226 Bellonam
1307 1177 1562 1232 victricem

278 1217 297 1268 i
334 1220 550 1274 entidem
574 1227 852 1295 celebrans,
881 1238 1172 1291 accenderet
1203 1242 1419 1301 militum
1453 1246 1559 1297 ani-

282 1302 392 1336 mos
408 1326 422 1349 ‚
447 1308 531 1355 per
553 1293 734 1346 vallum
751 1335 767 1360 ,
792 1316 876 1366 per
900 1301 1040 1354 fossas
1062 1305 1361 1374 irruperunt.
1388 1312 1560 1365 Castra

283 1367 426 1418 capta
456 1355 744 1429 direptaque
761 1403 776 1425 ,
803 1367 957 1432 praeda
984 1370 1154 1437 ingens
1184 1390 1317 1442 parta
1335 1415 1351 1438 ‚
1379 1380 1430 1428 δε
1462 1379 1560 1430 mi-

283 1417 361 1469 liti
388 1424 608 1475 concessa
637 1428 720 1481 est.
746 1431 928 1499 septem
962 1438 1114 1490 millia
1144 1457 1200 1491 ac
1231 1445 1437 1495 trecenti
1467 1445 1562 1497 ho-

283 1483 430 1563 stium
471 1491 618 1542 occisi
644 1532 660 1556 ,
704 1494 807 1550 duo
848 1500 998 1554 millia
1040 1507 1095 1557 &
1139 1523 1339 1561 centum
1381 1511 1561 1580 viginti

285 1568 342 1604 ca
381 1568 435 1603 τι.

344 1570 449 1670 ΙἐζΧ.
482 1626 617 1676 Dum
642 1628 787 1681 ambo
811 1634 1034 1686 consules
1060 1639 1313 1708 omnisque
1335 1643 1556 1703 ‚Romana
1612 1702 1615 1705 μ

280 1685 359 1740 vis
379 1686 427 1738 in
446 1691 702 1746 Etruscum
723 1697 907 1751 bellum
930 1704 1080 1771 magis
1099 1705 1300 1757 inclinat
1315 1746 1330 1768 ,
1351 1708 1399 1758 in
1421 1712 1555 1761 Sam-

279 1752 367 1805 nio
404 1759 521 1810 novi
556 1762 802 1815 exercitus
849 1769 1007 1819 exorti
1034 1809 1051 1833 ‚
1088 1771 1146 1822 ad
1180 1772 1553 1843 depopulandos

279 1819 473 1889 imperii
508 1827 712 1880 Romani
742 1830 860 1884 fines
880 1873 895 1896 ,
936 1852 1021 1904 per
1055 1839 1291 1890 Vescinos
1324 1841 1374 1890 in
1405 1844 1556 1894 Cam-

281 1889 473 1955 paniam
501 1893 853 1967 Falernumque
883 1915 1050 1969 agrum
1083 1907 1456 1971 transcendunt,
1477 1910 1554 1960 in-

282 1958 551 2026 gentesque
575 1962 754 2028 praedas
781 1964 984 2020 faciunt.
1029 1972 1349 2047 Volumnium
1368 1978 1556 2050 magnis

51 2013 56 2018 ”
110 2026 263 2063 Ὺοῖκνκ-
285 2022 546 2077 itineribus
573 2030 622 2078 in
651 2034 903 2084 Samnium
936 2035 1220 2090 redeuntem
1257 2043 1392 2105 (jam
1422 2059 1554 2094 enim

78 2072 153 2109 m'us
185 2077 221 2111 in

76 2125 256 2161 Samnium
288 2088 433 2140 Fabio
456 2093 714 2164 Decioque
737 2102 986 2169 prorogati
1006 2103 1197 2173 imperii
1218 2106 1326 2156 finis
1341 2106 1554 2184 ‘ade-rat)

74 2168 180 2214 redit,
285 2153 415 2209 fama
453 2158 514 2211 de
552 2163 843 2219 Samnitium
878 2170 1099 2223 exercitu
1134 2172 1554 2244 populationibus-

342 2329 359 2364 3
384 2318 514 2369 Duis]
537 2320 709 2376 Antique
725 2326 891 2376 prodes.
944 2329 1087 2370 virtute
1120 2330 1259 2387 insigni
1294 2348 1404 2376 erant
1433 2353 1443 2376 ε
1472 2337 1551 2391 ipse

334 2383 362 2419 4
384 2373 436 2410 Et
457 2373 531 2427 ipse
551 2373 694 2429 collegae
716 2383 767 2422 φ’
788 2393 892 2418 exer·
944 2384 1022 2424 huc
1045 2386 1163 2438 usque
1186 2389 1343 2429 timidus
1366 2393 1406 2430 &
1426 2392 1552 2444 segnis

283 2422 381 2463 citas
419 2426 597 2466 virtutem
633 2432 890 2485 adaequavit]
943 2439 1044 2476 visus
1076 2438 1215 2481 fuerat.
1252 2447 1355 2484 Turn
1388 2443 1553 2496 dignam

284 2478 369 2529 Ipse
403 2491 558 2532 quoque
588 2494 723 2532 parem
755 2488 890 2526 virtuti
945 2492 986 2528 &
1006 2492 1165 2546 collegae
1193 2496 1233 2533 &
1257 2496 1442 2535 exercitus
1465 2501 1549 2537 vir-

283 2531 466 2583 collegae,
485 2546 620 2585 parem
635 2539 768 2576 virtuti
786 2552 890 2579 exer-
943 2554 1023 2583 tute
1052 2544 1322 2587 fortitudinem
1352 2550 1531 2589 ostendit.

282 2581 380 2621 citus
407 2588 592 2625 virtutem
622 2590 809 2641 praestitir.
847 2597 891 2633 Et
998 2609 1013 2642 5
1053 2598 1323 2656 Sabellarum]
1364 2607 1547 2645 Samniti·

280 2637 435 2692 collega
464 2641 581 2694 Appii
600 2669 615 2693 ,
646 2645 686 2684 ὃ(
706 2648 892 2688 exercitus
944 2662 1098 2692 carum.
