1669 3052
398 107 447 168 L
492 126 514 170 1
563 127 599 169 Β
648 123 685 167 Ε
735 126 777 168 R
858 104 934 168 X.
1189 128 1316 187 379

51 205 258 258 quaeque
290 188 441 249 lociS,
468 193 522 240 δε
556 187 807 261 praefectos
839 186 1055 238 subfidiis
1084 191 1317 240 attribue·
1347 213 1534 253 uum

53 272 138 307 rat.
174 261 364 306 Dextro
396 273 551 305 cornu
588 261 640 307 L.
670 255 991 305 Volumnium
1013 293 1026 315 ,
1051 253 1233 305 sinistro
1265 261 1316 306 L.
1348 261 1539 302 meam.

48 321 356 387 Scipionem
383 322 635 390 equitibus
658 321 846 388 legatos
868 321 1017 382 alios,
1041 322 1191 371 Caios
1215 324 1319 372 Cae-

50 387 234 437 dicium
270 393 318 438 &
351 389 651 439 Trebonium
687 387 918 453 praefecit.
960 390 1041 455 Sp.
1078 390 1320 439 Nautium

47 454 209 503 mulos
238 491 253 513 ,
291 455 519 505 detrac'tis
554 454 781 514 clitellis,
815 471 930 504 cum
971 463 987 496 3
1029 455 1322 506 cohortibus

48 518 287 581 alaribus,
309 522 357 571 in
384 521 629 570 tumulum
657 521 974 586 conspectum
997 539 1202 588 propere
1228 522 1325 572 cir-

45 587 347 637 cumducere
366 587 504 650 jubet
521 625 536 647 ,
560 601 707 652 atque
731 585 841 635 inde
862 588 988 636 inter
1010 587 1156 653 ipsam
1178 587 1323 638 dimi-

46 653 295 703 cationem
318 668 504 721 quanto
535 652 740 702 maxime
772 651 924 720 poffet
955 668 1092 702 moto
1120 655 1323 720 pulvere

49 717 316 769 ostendere.
351 723 484 769 Dum
520 718 598 769 his
631 719 852 769 intentus
882 719 1147 786 imperator
1188 736 1324 782 erat,

48 785 304 836 aitercatio
332 787 461 836 inter
492 785 722 854 pullarios
755 801 863 834 orta
890 785 950 835 de
979 786 1195 854 auspicio
1218 787 1325 853 ejus

47 851 181 913 diei,
213 852 542 919 exauditaque
578 851 636 901 ab
671 852 924 919 equitibus
957 854 1210 902 Romanis:
1237 854 1325 920 qui

50 935 155 969 rem
182 918 312 969 haud
343 918 658 985 spernendam
689 918 809 977 rati,
836 921 916 983 Sp.
942 920 1138 988 Papirio
1163 919 1327 970 fratris

49 984 154 1035 filio
189 985 401 1035 consulis
439 984 618 1050 ambigi
655 983 716 1034 de
749 985 965 1053 auspicio
998 987 1326 1037 renunciave—

51 1066 182 1101 runt.
209 1051 410 1102 Iuvenis
439 1066 549 1101 ante
574 1050 842 1100 doctrinam
869 1052 988 1100 deos
1021 1053 1327 1120 spernentem

50 1133 192 1168 natus
214 1156 228 1178 ‚
254 1136 357 1167 rem
380 1116 653 1184 inquisitam
672 1156 687 1178 ,
725 1134 785 1166 ne
811 1117 932 1184 quid
960 1118 1326 1186 incompertum

51 1183 265 1234 deferret
284 1184 344 1234 ad
367 1183 617 1234 consulem
637 1221 651 1242 ‚
675 1182 869 1233 detulit.
892 1183 972 1234 cui
992 1184 1075 1234 ille
1090 1224 1104 1246 ,
1128 1191 1197 1235 Tu
1218 1189 1325 1252 qui-

50 1254 149 1300 dem
184 1254 329 1301 maffe
367 1253 545 1301 virtute
585 1250 926 1316 diligentidque
966 1253 1063 1315 ςίίο.
1116 1258 1325 1302 Ceterum

49 1320 133 1385 qui
153 1320 353 1385 auspicio
377 1319 527 1380 adest,
548 1317 595 1383 fi
615 1319 729 1383 quid
742 1315 857 1382 faffi
874 1320 1062 1367 nunciat
1078 1353 1094 1374 ,
1118 1327 1144 1359 4
1177 1320 1225 1368 in
1243 1321 1326 1383 se-

49 1387 288 1452 metipfitm
324 1383 593 1450 religionem
624 1385 806 1449 recipit.
855 1385 979 1433 Mihi
1014 1385 1197 1451 quidem
1230 1387 1326 1434 tri-

45 1453 236 1519 pudium
273 1453 569 1506 nunciatum,
586 1447 752 1517 populi>
787 1456 980 1499 Romano
1016 1453 1327 1517 exercituique

50 1521 284 1586 egregium
313 1519 565 1585 auspicium
601 1519 674 1580 est.
723 1516 1115 1567 Centurionibus
1148 1516 1329 1568 deinde

49 1584 308 1655 imperavit
329 1623 344 1647 ,
369 1599 426 1635 ut
460 1583 694 1652 pullarios
723 1583 849 1633 inter
871 1587 1024 1651 prima
1050 1582 1178 1651 signa
1201 1602 1327 1635 con-

47 1651 317 1704 stituerent.
352 1653 653 1702 Promovent
676 1652 724 1701 Sc
763 1651 1001 1702 Samnites
1030 1650 1172 1719 figna.
1204 1652 1329 1702 inse..

51 1719 224 1788 quitur
255 1718 384 1770 acies
417 1733 586 1770 ornata
627 1732 906 1786 armataque
928 1758 942 1779 ‚
967 1728 990 1761 5
1025 1734 1077 1769 ut
1111 1718 1328 1769 hostium

49 1803 254 1857 quoque
287 1785 602 1853 magnificum
630 1783 960 1855 spectaculum
991 1784 1123 1837 effet.
1157 1786 1329 1838 Prius=

102 1920 118 1955 3
171 1905 391 1945 cohortibus
440 1902 610 1944 alaribus
639 1911 655 1954 ]

49 1961 134 2001 Sive
164 1959 298 1998 alariis
320 1975 329 1998 ε
351 1971 516 2011 utroque
552 1961 656 1996 enim

49 2013 173 2053 modo
199 2014 276 2052 hoc
300 2025 447 2051 nomen
474 2010 654 2050 fleffltur.

47 2067 229 2118 intellige
263 2067 444 2105 cohortes
479 2065 653 2103 sociales.

46 2120 177 2161 ‚Alam
189 2122 292 2158 enim
305 2117 461 2171 proprie
478 2121 517 2157 &
534 2116 657 2171 figna-

49 2173 88 2213 ῑὲ
113 2174 159 2213 de
186 2174 299 2211 sociis
322 2176 362 2212 in
385 2175 551 2211 exercitu
580 2172 657 2211 dici

49 2226 202 2279 egregie
217 2225 360 2278 probat
375 2225 516 2277 Lipfius
529 2254 542 2273 ,
562 2226 588 2263 1.
608 2229 655 2263 ΙΙ.

51 2281 98 2319 de
119 2280 239 2319 Milit.
260 2284 380 2319 Rom.
401 2279 506 2317 Dial.
526 2292 563 2324 7.
585 2284 657 2318 Ce-

50 2333 178 2373 terum
198 2331 261 2371 hic
277 2331 398 2371 deesse
414 2332 565 2371 videtur
584 2345 657 2370 no·

50 2399 91 2425 ta
112 2389 277 2426 numeri.
296 2389 432 2438 Neque
450 2389 553 2425 enirn
568 2399 660 2437 pro-

50 2439 152 2481 fecto
166 2442 348 2480 cohortes
363 2453 496 2478 omnes
511 2439 634 2478 alares
645 2467 657 2487 ,

53 2494 94 2532 id
124 2493 202 2541 est,
221 2507 308 2546 pars
337 2492 454 2546 longe
485 2495 660 2531 maxima

53 2546 228 2599 peditum
266 2549 464 2585 sociorum
488 2576 500 2594 ,
537 2549 663 2585 ierunt

51 2613 142 2643 sum
170 2607 228 2655 Sp.
258 2604 422 2645 Nautio.
453 2599 543 2642 Vid.
575 2611 659 2640 not.

712 1904 761 1944 ad
779 1909 902 1944 XXV.
925 1916 991 1943 21.
1014 1909 1053 1945 ὃς
1073 1912 1240 1948 XXVII.
1262 1921 1326 1947 12.

712 1960 780 1997 ubi
813 1959 858 1996 de
892 1959 1029 1998 sociali
1059 1965 1228 2001 exercitu
1259 1962 1322 2002 fu-

711 2010 783 2050 fius
811 2025 983 2064 agemus.

763 2078 790 2114 4
805 2067 854 2102 In
865 2062 1096 2120 semetipsum
1111 2066 1324 2122 religionem

709 2119 871 2173 recipit]
899 2122 1151 2172 Semetipsum
1169 2123 1324 2174 obligat

712 2174 875 2212 crimine
902 2173 1061 2212 violatae
1093 2175 1320 2226 religionis,

714 2227 755 2264 &
787 2226 899 2264 suum
927 2239 1043 2279 caput
1073 2240 1195 2280 poenae
1228 2230 1321 2267 sub-

711 2290 808 2331 11c1t.

772 2343 787 2378 5
818 2336 878 2371 Ut
897 2331 1052 2384 hostium
1070 2348 1213 2388 quoque
1230 2341 1243 2383 ]
1269 2339 1325 2374 Ut

711 2385 969 2438 speffiaculum
986 2387 1092 2425 illius
1108 2416 1117 2434 ‚
1137 2387 1225 2426 licet
1246 2389 1322 2426 ho·-

713 2438 807 2477 stilis
833 2468 844 2486 ‚
878 2441 973 2478 aciei
998 2469 1011 2488 ,
1045 2445 1327 2489 Romanorum

715 2493 852 2531 oculos
869 2491 1158 2544 magnificentiii
1176 2494 1240 2532 sua
1257 2508 1325 2534 ca-
1343 2493 1346 2495 ’

714 2559 802 2598 pere
827 2548 866 2584 &
895 2547 1195 2597 quodammodo
1219 2547 1326 2590 dele·

716 2600 818 2638 &tare
843 2595 981 2651 poffet.
