1669 3052
0 0 40 47 ’.τέ

385 135 972 201 LtssERIX.
1195 147 1330 224 '265'

48 222 194 274 ‘etrmis
216 223 495 273 munimenta
514 259 529 279 ,
549 243 634 272 non
656 224 952 273 munimentis
974 239 1104 272 arma
1127 239 1229 276 tuta
1249 230 1328 294 effi’
1354 248 1547 293 U.c.439-

52 290 226 338 dehent.
265 291 416 353 Castra
438 292 630 339 habeant
645 305 939 358 repetantque
950 326 967 348 ,
1001 300 1016 324 1
1041 293 1209 357 quibus
1228 309 1327 362 ope—
1352 298 1546 342 ³·Coz1z·

50 373 114 404 rae
143 355 202 418 est
230 360 407 406 trahere·
427 356 600 406 bellum
623 379 637 405 .·
662 375 738 405 nos
768 360 965 406 omnium
996 376 1150 408 rerum
1174 365 1326 429 respe-

50 424 173 470 &um
189 457 205 478 ,
227 437 527 490 praeterquam
559 424 768 472 vifloriae
784 462 799 483 ‚
826 425 954 473 nobis
992 426 1328 489 abscindamus.

55 495 182 538 Ferte
184 489 319 556 figna
341 493 390 539 in
409 492 567 554 hostem
587 512 601 538 .·
616 491 699 538 ubi
720 505 846 538 extra
868 489 1050 540 vallum
1068 511 1231 559 agmen
1252 514 1328 545 ex·

53 555 226 621 ceffirit
240 591 258 613 ,
279 558 424 620 castra
455 557 622 621 quibus
649 557 922 622 imperatum
953 559 1013 619 cst
1046 560 1290 610 incendant
1306 584 1326 612 .-

53 624 219 671 damna
250 624 399 687 vestra
416 659 431 682 ,
453 621 630 671 milites
648 656 664 678 ‚
692 623 889 670 omnium
921 625 1044 672 circa
1058 660 1074 680 ,
1098 630 1183 691 qui
1202 631 1330 694 defi>-

52 705 211 740 cerunt
225 724 241 745 ,
257 687 524 755 populorum
538 687 695 756 praedd
705 691 984 752 sarcientur.
1022 691 1082 739 Et
1102 693 1331 747 oratione

57 758 311 811 dictatoris
328 793 344 815 ,
378 772 484 826 quae
507 754 793 806 necessitatis
816 753 996 806 ultimae
1018 755 1166 808 index
1195 774 1332 824 erat,

57 825 240 877 milites
263 824 445 874 accenfi
464 862 478 884 ‚
498 821 682 874 vadunt
698 821 747 870 in
769 820 955 871 hostem
978 839 989 872 ε
1014 825 1064 874 &
1086 827 1334 893 respectus

56 893 158 961 ipse
194 891 470 943 ardentium
505 887 769 939 castrorum
791 926 805 948 ‚
843 905 1122 957 quanquam
1165 895 1335 962 proxi-

60 959 154 1011 mis
187 958 376 1009 tantfim
413 957 517 1021 (ita
545 954 674 1005 enim
707 953 898 1018 jufferat
930 956 1138 1010 distator
1159 961 1181 1025 )
1205 961 1337 1029 ignis

60 1025 130 1078 est
161 1025 383 1077 subditus
407 1061 421 1084 ,
448 1021 580 1073 haud
609 1035 813 1089 parvum
835 1021 932 1073 fuit
955 1023 1335 1079 irritamentum.

7 1095 13 1097 ⁴
57 1096 238 1161 Itaque
276 1090 415 1143 velut
459 1087 698 1140 vecordes
730 1088 850 1138 illati
887 1087 1014 1156 figna
1050 1092 1211 1160 primo
1243 1094 1334 1145 im·
1394 1120 1552 1161 maon}

59 1174 183 1228 petu
198 1158 410 1209 hostium
441 1155 640 1207 turbant
657 1194 673 1217 ‚
694 1158 744 1206 &
767 1155 817 1205 in
839 1169 1062 1222 tempore
1079 1158 1335 1229 postquam
1358 1168 1399 1224 dq
1418 1172 1528 1224 sam„

55 1225 277 1278 ardentia
307 1222 481 1294 procul
515 1221 641 1275 vidit
659 1221 805 1272 castra
827 1223 1050 1291 magister
1070 1227 1300 1294 equiturn
1314 1268 1331 1292 ,
1358 1218 1502 1260 '’⁸¹³⁸'‘-

55 1291 148 1358 (id
180 1304 480 1344 convenerat
513 1289 733 1358 lignum)
772 1289 986 1342 hostium
1027 1306 1163 1361 terga
1194 1296 1336 1347 inva-

55 1359 146 1412 dit.
172 1360 239 1411 ita
260 1358 585 1409 circumventi
617 1355 853 1407 Samnites
873 1396 887 1419 ,
911 1358 1008 1427 qua
1027 1360 1183 1427 potest
1207 1363 1338 1432 quis-

56 1443 188 1495 que,
210 1425 380 1494 fugam
402 1441 488 1494 per
524 1423 709 1475 diversa
740 1438 931 1492 petunt.
958 1429 1136 1493 Ingens
1168 1429 1339 1481 multi-

30 1536 39 1539 γ,
56 1493 183 1544 tudo
214 1493 265 1544 in
297 1509 451 1542 unum
486 1506 624 1541 metu
661 1489 954 1558 conglobata
982 1530 995 1552 ‚
1026 1510 1082 1543 ac
1107 1496 1335 1566 semetip-

53 1561 154 1611 sam
189 1558 332 1611 turba
368 1558 637 1626 impediens
661 1596 674 1618 ‚
707 1557 755 1606 in
788 1558 951 1609 medio
990 1562 1118 1612 caesa.
1172 1566 1336 1632 Capta

53 1626 270 1678 hostium
319 1625 500 1686 castra,
549 1624 835 1693 direptaque
867 1647 883 1687 3
919 1644 1134 1694 quorum
1176 1630 1336 1697 praedzi.

58 1693 287 1746 onustum
314 1692 521 1743 militem
543 1691 595 1741 in
615 1694 830 1743 Romana
851 1692 998 1744 castra
1024 1693 1231 1746 ‹litiator
1253 1714 1334 1749 re-

56 1760 200 1812 ducit
241 1798 258 1822 ,
307 1758 688 1827 haudquaquam
731 1772 830 1809 tam
883 1759 1086 1812 νίξὶοτίἃ
1134 1761 1298 1815 laetum
1314 1804 1333 1829 ,

60 1828 212 1896 quim
250 1824 415 1897 quod,
452 1840 621 1894 praeter
640 1824 864 1893 exiguam
899 1826 1222 1889 deformatam
1254 1832 1333 1882 in-

58 1894 237 1970 cendio
274 1907 492 1962 partem,
524 1907 687 1944 cetera
724 1908 897 1945 contra
934 1896 1066 1965 spem
1099 1897 1224 1950 salva
1253 1898 1332 1952 in-

56 1976 213 2015 venit.

121 2031 299 2078 XXIV.
339 2026 419 2077 Ad
458 2027 625 2076 Soram
664 2025 778 2077 inde
813 2026 1027 2080 reditum
1064 2048 1076 2080 ε
1111 2032 1330 2102 novique
1354 2067 1526 2112 (5044,

56 2094 283 2146 consules
314 2099 383 2143 Μ.
399 2092 644 2144 Poetelius
662 2132 676 2154 ‚
698 2096 762 2143 C.
781 2094 1026 2165 Sulpicius
1053 2100 1326 2151 exercitum
1349 2094 1544 2158 a.'<:.‘312‘2

55 2161 119 2212 ab
142 2161 380 2212 dictatore
411 2160 558 2210 Fabio
584 2161 867 2230 accipiunt,
887 2163 1058 2230 magna
1086 2181 1222 2231 parte
1244 2186 1327 2220 ve-
1373 2163 1433 2245 Ῑῖῑ·
1452 2164 1542 2198 ¹³⁰²·

56 2242 222 2280 terum
246 2226 460 2277 militum
495 2226 686 2277 dimissi
706 2266 723 2290 ,
759 2229 995 2296 novisque
1032 2231 1326 2286 cohortibus
1348 2211 1541 2302 gusgia}

55 2293 109 2344 in
148 2294 538 2362 supplementum
572 2293 809 2345 adductis.
861 2296 1132 2361 Ceterum,
1170 2320 1326 2370 quum
1350 2298 1539 2345 111.coffi

57 2377 259 2429 propter
278 2359 529 2411 difficilem
569 2361 705 2411 urbis
731 2360 872 2413 {itum
897 2380 987 2414 nec
1009 2369 1326 2436 oppugnandi

57 2428 171 2479 satis
196 2442 331 2479 certa
361 2427 485 2478 ratio
507 2426 714 2479 iniretur
735 2465 752 2490 ,
783 2431 833 2481 &
863 2444 948 2482 aut
973 2446 1196 2503 tempore
1217 2436 1330 2489 lon-
1366 2491 1368 2494 ,

112 2597 127 2624 1
200 2586 310 2627 uibus
323 2599 437 2646 operae
461 2589 536 2644 est]
566 2588 666 2636 Qui·
715 2602 845 2632 vacat.
881 2591 975 2635 vid.
1003 2604 1087 2634 not.
1119 2605 1182 2636 ιι.
1214 2597 1266 2639 ad
1290 2600 1327 2640 I.

6 2674 10 2677 Δ
56 2639 130 2683 bus
167 2641 317 2694 expedit
344 2673 357 2692 ,
393 2644 490 2694 vel,
526 2645 666 2697 quibus
720 2656 786 2694 24.

143 2698 271 2748 Tom.
305 2704 370 2748 Π.
1040 2705 1094 2754 Μ
