1680 3110
65 228 260 274 U.c·429.

66 287 104 315 a.
120 277 162 313 C.
173 289 260 323 323.

95 322 260 360 Tarenti.

67 384 185 406 vrorum
203 373 256 408 in-

69 420 226 466 dignatio

69 468 108 501 in
135 468 258 512 Roma.

67 526 139 554 2³05.

286 147 416 191 202
700 130 778 194 T.
863 128 913 190 L
965 149 987 192 1
1036 151 1079 200 v
1130 151 1152 193 1
1203 150 1228 194 1

354 215 558 265 XXVII.
586 211 740 262 Aliud
774 211 978 263 subinde
1007 212 1193 266 bellum
1219 232 1335 267 cum
1366 213 1575 267 alterius

290 297 383 332 orae
407 278 593 331 Graecis
617 293 862 330 exortum.
891 283 1121 348 Namque
1145 282 1394 334 Tarentini
1414 300 1570 350 quum

290 365 393 398 rem
431 345 825 414 Palaepolitanam
857 347 982 398 vanfi
1019 349 1098 416 spe
1133 348 1301 399 auxilii
1331 348 1571 417 aliquam-

291 414 376 465 diu
401 412 724 464 sustinuiffent
742 451 758 474 ‚
782 413 1040 482 postquam
1062 417 1307 466 Romanos
1331 415 1454 468 urbe
1478 434 1570 491 po—

291 482 412 531 titos
436 497 671 548 accepere
689 519 704 542 ‚
728 481 869 534 velut
893 481 1142 543 destituti,
1171 499 1227 533 ac
1250 498 1350 533 non
1374 482 1460 549 qui
1483 480 1569 549 1pfi

289 546 643 610 destituissent,
673 548 926 615 increpare
958 548 1328 618 Palaepolitanos
1347 588 1362 610 ,
1390 548 1461 599 ir&
1489 563 1573 599 at-

292 632 392 683 que
410 614 594 665 invidia
619 615 670 665 in
688 615 1148 668 Romanosfurere:
1174 634 1235 667 eo
1258 614 1573 683 etiam‘qubd

291 686 522 734 Lucanos
545 686 598 732 δε
624 683 816 752 Apulos
844 685 865 747 (
880 699 991 733 nam
1014 698 1224 751 utraque
1255 701 1317 734 eo
1344 699 1472 733 anno
1496 684 1574 733 so-

292 750 447 799 cietas
477 763 646 815 coepta
677 749 782 815 est)
812 750 862 800 in
885 749 1033 801 fidem
1057 750 1228 819 populi
1253 749 1456 802 Romani
1483 767 1574 801 ve·-

291 816 408 868 niffe
431 816 630 868 allatum
649 816 730 868 est.
759 820 944 886 Quippe
957 821 1276 887 propemodum
1292 833 1572 886 perventum

293 888 355 935 ad
369 887 422 949 ft*
445 885 520 952 effi?
540 891 759 951 :Jamque
783 888 834 934 in
856 904 902 935 eo
932 904 1027 935 rem
1043 889 1148 952 fore
1163 922 1178 943 ,
1198 903 1251 935 ut
1279 887 1470 935 Romani
1489 901 1573 934 aue

293 955 434 1017 hostes
449 988 466 1010 ,
495 967 576 1001 aut
596 954 769 1002 domini
790 955 985 1002 habendi
990 954 1102 1020 fint.
1135 955 1400 1018 Dzscrimen
1413 954 1574 1019 profe-

292 1021 366 1068 &a
388 1037 540 1069 rerum
550 1020 742 1083 suarum
765 1021 815 1069 in
839 1019 958 1070 bello
983 1022 1256 1071 Samnitium
1273 1056 1289 1077 ,
1317 1035 1577 1085 eventuque

294 1094 419 1145 ejus,
444 1089 587 1136 verti.
619 1105 717 1139 eam,
739 1086 889 1150 solam
911 1103 1095 1154 gentem
1127 1089 1322 1151 restare,
1357 1106 1437 1138 nec
1474 1104 1575 1135 eam

293 1156 439 1220 ipsam
461 1156 583 1218 satis
616 1153 856 1212 validam,
889 1158 1067 1221 quando
1098 1161 1310 1204 Lucanus
1342 1156 1578 1219 defecerit.

294 1229 444 1287 ,Quem
476 1223 689 1270 revocari
720 1223 896 1278 adhuc,
918 1221 1189 1289 impellique
1224 1225 1281 1271 ad
1312 1220 1579 1270 abolendam

283 1289 562 1353 societatem
591 1293 837 1337 Romanam
875 1289 988 1356 poffi’
1014 1325 1029 1345 ,
1057 1289 1104 1355 fi
1137 1307 1230 1353 qua
1269 1305 1346 1337 ars
1371 1289 1581 1352 serendis

295 1357 537 1420 discordiis
560 1355 844 1404 adhibeatur.
883 1359 999 1405 Haec
1028 1353 1223 1404 consilia
1261 1371 1419 1426 quum
1446 1351 1579 1420 apud

295 1420 506 1490 cupidos
541 1437 706 1472 rerum
735 1421 1071 1474 novandarum
1101 1419 1358 1473 valuissent
1381 1440 1396 1481 3
1423 1437 1482 1470 ex
1510 1419 1581 1483 ju·

86 1494 268 1530 smitam
294 1503 503 1563 ventute
523 1488 724 1557 quidam
745 1493 1056 1540 Lucanorum
1081 1488 1242 1554 pretio
1263 1487 1462 1548 adsciti,
1480 1487 1581 1537 cla-

73 1549 101 1580 L
109 1557 242 1584 manos.

296 1557 338 1608 ri
365 1571 518 1623 magis
552 1555 679 1606 inter
713 1555 973 1624 populares
1001 1555 1152 1624 quc‘un
1183 1552 1413 1616 honesti,
1446 1554 1581 1605 inter

294 1626 342 1676 se
366 1623 568 1674 mulcati
594 1622 676 1690 ipfi
704 1623 857 1690 virgis
874 1661 890 1685 ,
920 1640 1076 1690 quum
1105 1638 1312 1691 corpora
1342 1619 1473 1673 nuda
1496 1621 1579 1671 in-

296 1689 515 1741 tulissent
551 1691 601 1740 in
638 1689 826 1740 civium
862 1704 1057 1741 coetum
1089 1725 1103 1748 ‚
1139 1688 1402 1742 vociferati
1435 1689 1581 1749 sunt,

297 1760 344 1810 se
362 1757 543 1826 {quod
575 1755 730 1807 castra
758 1759 970 1808 Romana
1003 1755 1193 1823 ingredi
1220 1755 1316 1807 aufi
1338 1753 1527 1819 essent,
1553 1755 1585 1805 a

297 1824 499 1877 consule
531 1824 683 1891 virgis
723 1825 895 1883 caes05‚
920 1841 975 1874 ac
1011 1840 1169 1893 prope
1199 1823 1355 1875 securi
1385 1822 1581 1894 percus-

296 1894 373 1943 sos
407 1891 515 1943 esse.
561 1889 817 1942 Deformis
864 1890 1030 1959 suapte
1067 1891 1238 1941 naturfi
1279 1907 1387 1952 res,
1423 1906 1585 1958 quum

296 1961 509 2027 speciem
530 1958 714 2024 injuriae
737 1957 890 2026 magis
915 1957 1064 2027 quam
1088 1956 1187 2007 doli
1211 1974 1304 2026 prae
1322 1959 1368 2007 se
1390 1955 1541 2006 ferret
1556 1974 1577 2017 ς

298 2026 536 2078 concitati
564 2025 793 2076 homines
823 2039 1044 2092 cogunt,
1071 2024 1283 2074 clamore
1314 2024 1401 2074 suo
1424 2062 1438 2084 ‚
1475 2039 1578 2072 ma-

297 2094 526 2161 gistratus
559 2096 776 2144 senatum
796 2108 1002 2143 vocare:
1027 2094 1075 2141 δε
1104 2090 1183 2140 alii
1207 2088 1578 2141 circumstantes

299 2161 555 2213 confilium
583 2200 598 2221 ‚
637 2159 824 2210 bellum
857 2159 906 2209 in
938 2161 1181 2208 Romanos
1223 2158 1432 2225 poscunt
1456 2155 1575 2206 :alii

294 2230 359 2280 ad
393 2226 735 2279 concitandam
772 2226 823 2276 in
859 2243 986 2276 arma
1030 2224 1396 2275 multitudinem
1429 2237 1574 2290 agre-

295 2297 439 2348 stium
494 2295 775 2345 discurrunt
811 2312 821 2343 ε
865 2291 1182 2360 tumultuque
1234 2292 1379 2341 etiam
1433 2291 1572 2340 sanos

261 2374 269 2381 ²
298 2375 317 2401 1
355 2361 693 2414 consternante
723 2360 940 2420 animos»,
966 2358 1249 2409 decernitur
1276 2373 1332 2409 ut
1363 2358 1575 2407 societas

296 2448 414 2483 cum
443 2427 739 2481 Samnitibus
769 2441 1065 2489 renovetur,
1088 2426 1333 2495 legatique
1370 2423 1430 2476 ad
1466 2440 1573 2475 eam

286 2538 428 2593 phus]
470 2544 515 2581 Et
553 2538 775 2590 triumphus
815 2535 899 2589 post
950 2535 1070 2575 stratu
1096 2535 1433 2588 triumphaverat.

290 2595 467 2632 exastum
491 2591 777 2646 magistratum.
811 2595 897 2630 Huc
1001 2601 1014 2627 x
1049 2588 1344 2641 Consternante]
1370 2587 1437 2630 Ad
1459 2584 1570 2626 futo-

284 2648 405 2702 uz‘que
436 2661 554 2688 nemo
587 2643 659 2689 nisi
693 2648 734 2686 in
766 2647 896 2699 magi·
944 2656 1030 2686 tem
1046 2646 1263 2685 incitante,
