1669 3052
370 125 752 185 L1BER
835 101 956 168 1344
1176 116 1298 183 233

38 211 250 268 reditum
279 209 330 259 in
360 204 560 275 patriam
591 198 651 261 ad
677 203 928 264 parentes,
952 179 1055 254 quo
1082 178 1197 247 saepe
1218 179 1301 245 ipn
1325 195 1513 233 verm:

39 279 339 344 majoresque
372 288 545 323 eorum
577 259 931 329 triumphantes
966 244 1216 302 venissent.
1254 250 1304 294 Se

28 346 152 412 fhlos
166 346 263 412 stne
295 341 484 391 vulnere
511 376 525 397 ‚
551 335 648 402 fine
670 332 832 396 ferro,
848 324 948 390 fine
983 319 1079 367 acie
1116 313 1266 361 vie‘ios
1288 331 1303 358 .-

26 414 122 477 fibi
141 411 456 475 nonstringere
477 400 646 466 licuiffe
665 395 848 463 gladios
864 426 878 446 ,
903 404 987 435 non
1004 398 1184 432 manum
1205 394 1307 425 cum

41 480 154 541 hffie
192 478 388 541 conferre
419 495 434 521 .-
456 471 550 538 fibi
585 464 886 530 nequicquam
920 469 1080 507 arma,
1116 445 1307 511 nequic-

44 562 182 611 quam
206 546 360 596 vires,
385 538 688 603 nequicquam
710 528 883 575 animos
907 522 1048 567 datos.
1072 517 1187 562 Haec
1213 507 1310 559 fre-

1322 240 1405 278 a.C.
1424 249 1509 281 319,

1378 518 1442 554 suh
1463 520 1518 560 Ῐιι.

1353 579 1405 600 um
1437 567 1521 599 mit..

43 608 293 662 mentibus
321 606 442 655 hora
468 597 627 650 fatalis
662 587 933 660 ignominiae
962 579 1192 640 advenit,
1212 594 1310 626 om-
1327 579 1490 656 ‘iunzurR

45 678 126 728 nia
166 674 372 725 tristiora
415 660 721 743 euperiundo
757 654 941 706 saecuta
965 686 982 709 ‚
1022 646 1172 715 qu5m
1207 658 1313 710 (ΝΞ
1331 662 1441 701 mani.
1485 626 1520 646 θ’

46 753 372 812 praeceperant
394 749 578 786 animis.
618 734 723 788 Jam
743 717 954 792 primum
979 731 1091 763 cum
1114 708 1313 784 fingulis

47 806 347 864 vestimentis
371 805 578 853 inermes
603 808 738 846 extra
759 787 940 842 vallum
960 779 1092 831 exire
1113 777 1213 841 jusu
1235 794 1246 824 ι
1267 777 1318 825 &

47 874 193 945 primi
222 871 387 923 traditi
421 865 636 920 obfides,
673 872 820 925 atque
850 853 899 901 in
933 844 1200 899 custodiam
1234 841 1321 892 ab·

50 942 204 994 dueti.
238 942 366 989 Tum
388 936 413 986 a
436 926 717 985 consulibus
752 935 766 958 ¹
799 919 929 971 abire
957 912 1151 965 littores
1182 908 1285 975 juffi
1307 946 1321 969 ,

52 1009 492 1081 paludamentaque
519 993 731 1048 detraeta
749 1029 764 1050 ,
798 999 981 1037 tantam
1009 979 1135 1029 inter
1164 977 1324 1043 ipsos,

54 1076 142 1145 qui
176 1073 320 1143 paulo
355 1067 466 1120 ante
496 1080 582 1117 eos
614 1059 949 1111 exsecrantes»,
975 1043 1226 1096 dedendos
1257 1041 1325 1091 la-

54 1140 386 1204 cerandosque
416 1133 701 1184 censuerant
729 1161 744 1183 ,
776 1113 1136 1172 miserationem
1171 1107 1327 1167 fecit,

55 1225 115 1262 ut
137 1211 226 1259 suae
249 1204 456 1273 quisque
481 1190 781 1250 conditionis
806 1185 991 1238 oblitus
1015 1219 1030 1240 ,
1054 1177 1114 1228 ab
1141 1174 1222 1225 illa
1244 1173 1329 1224 de-

56 1272 354 1327 formatione
383 1281 523 1320 tantae
554 1256 843 1327 majestatiS,
862 1249 1001 1305 velut
1031 1244 1089 1298 ab
1114 1239 1330 1295 nefando

56 1338 334 1413 speetaculo
352 1376 367 1398 ‚
391 1344 634 1387 averteret
654 1322 845 1379 oculo&

125 1414 214 1460 VI.
248 1404 398 1455 Primi
432 1397 653 1452 consules
688 1405 841 1462 prope
874 1378 1110 1436 seminudi
1146 1374 1232 1427 sub
1260 1372 1334 1440 ju-

60 1492 178 1546 gum
215 1472 369 1525 miffi:
398 1483 537 1526 tum,
563 1478 620 1516 ut
655 1459 862 1529 quisque
898 1448 1050 1520 gradu
1083 1442 1336 1514 proximus

63 1559 164 1595 erat
196 1581 209 1603 ,
248 1541 314 1590 ita
349 1531 623 1605 ignominiae
659 1523 880 1592 objectus
915 1537 926 1569 z
959 1532 1066 1568 tum
1103 1510 1338 1578 deinceps

61 1608 252 1678 fingulae
281 1605 515 1673 legiones.
544 1590 916 1650 circumstabant
944 1579 1112 1635 armati
1141 1575 1302 1627 hostes
1325 1612 1342 1636 ,

65 1676 413 1746 exprobrantes
453 1650 1001 1729 eludentesquetgladii
1043 1646 1188 1698 etiam
1228 1641 1338 1710 ple-

64 1747 226 1813 risque
253 1736 510 1791 intentati:
531 1737 579 1785 &
609 1723 849 1784 vulnerati
884 1717 1082 1788 quidam
1106 1753 1121 1775 ,
1153 1708 1339 1761 necati-

69 1829 197 1881 que,
225 1808 257 1858 fi
280 1805 447 1859 vultus
473 1817 644 1852 eorum
673 1789 962 1858 indignitate
991 1799 1153 1834 rerum
1182 1775 1340 1828 acrior

68 1879 308 1932 vietorem
340 1863 622 1922 offendisset.
657 1867 733 1912 Ita
767 1851 976 1908 traduefi
1009 1848 1094 1900 sub
1125 1847 1298 1912 jugum
1319 1878 1337 1901 ,

70 1951 150 2008 &‚
174 1940 311 2011 quod
335 1936 458 2007 pene
482 1931 676 2003 gravius
700 1939 802 1977 erat
822 1962 836 1984 ,
867 1937 951 1989 per
975 1913 1186 1967 hostium
1211 1926 1340 1961 ocu-

69 2013 145 2064 los
170 2049 186 2071 ,
222 2024 376 2076 quum
410 2021 471 2053 ex
509 1999 629 2051 saltu
662 1990 907 2046 evasissent
939 2009 953 2048 3
990 1980 1074 2034 etfi
1105 1978 1245 2030 velut
1278 1975 1339 2026 ab

71 2075 242 2132 inferis
277 2068 479 2123 extracti
516 2081 621 2117 tum
654 2057 865 2130 primum
900 2053 1063 2104 lucem
1096 2044 1341 2113 adspicere

72 2144 159 2199 vifi
190 2144 330 2200 sunt,
363 2151 524 2188 tamen
556 2133 653 2200 ipsa
675 2128 761 2185 ,lux
796 2125 860 2174 ita
893 2117 1115 2170 deforme
1149 2113 1346 2162 intuen-

73 2213 208 2265 tibus
244 2221 415 2274 agmen
451 2199 583 2252 omni
616 2209 775 2247 morte
805 2187 983 2241 tristior
1017 2182 1131 2232 fuit.
1167 2183 1348 2244 Itaque.

77 2295 234 2350 quum
257 2287 366 2324 ante
390 2268 583 2320 nostem
606 2267 827 2331 Capuam
847 2251 1102 2324 pervenire
1124 2243 1312 2313 possent
1328 2279 1344 2302 ,

78 2342 254 2398 incerti
290 2339 350 2390 de
385 2336 479 2386 fide
509 2331 784 2391 sociorum,
806 2327 856 2375 δε
882 2318 1020 2389 quod
1051 2313 1210 2384 pudor
1233 2313 1349 2378 prae-

79 2410 309 2485 pediebat
328 2446 342 2467 ‚
364 2404 493 2455 circa
520 2399 647 2451 viam
675 2391 807 2445 haud
838 2384 1013 2459 procul
1046 2377 1219 2449 Capua
1249 2395 1351 2426 om-

77 2547 86 2557 ·
140 2533 155 2558 1
188 2517 314 2559 Abire
329 2511 472 2552 lifiores
489 2505 569 2557 7’uffi
585 2535 598 2556 ‚
621 2515 688 2560 pa·
741 2499 997 2553 biofecerunt.
1017 2496 1077 2532 De
1093 2484 1360 2545 paludamento*

80 2574 368 2624 ludamemaque
383 2561 598 2605 detraHa...
617 2560 687 2597 mi·
740 2555 822 2595 vid.
849 2563 934 2591 not.
968 2560 1003 2588 ι.
1029 2544 1080 2586 ad
1105 2543 1133 2582 l.
1162 2544 1193 2580 1.
1224 2552 1259 2578 c.
1290 2543 1356 2576 ιε,

78 2627 296 2686 [ei-ationem
311 2621 401 2676 fecit
421 2625 440 2670 ]
463 2614 602 2657 Procul
623 2611 691 2651 du·
746 2605 874 2664 supra,

1403 2257 1562 2312 quuam

1367 2314 1529 2347 ventum.
