1669 3052
193 148 196 152 Α
426 84 480 143 L
527 103 553 143 1
598 102 633 143 B
680 102 718 143 E
752 101 805 143 ‘R
894 80 1016 142 IX.
1238 92 1370 166 ‘237

19 204 25 206 —
91 169 136 218 li
154 205 170 228 ,
201 168 291 235 qud
323 167 631 234 ignominiosae
656 156 807 234 pacis.
847 171 942 230 Ego
971 180 1123 214 tamen
1140 199 1156 220 ,
1188 171 1365 230 quando

95 253 236 301 neque
267 237 319 283 de
343 251 456 282 noxa
487 235 663 297 nostra,
698 249 840 299 neque
871 235 923 279 de
949 245 1082 298 poena
1111 231 1366 294 retulistis,

93 299 259 365 omissaei
280 299 516 365 defensione
538 335 553 356 ,
588 318 686 366 quae
715 318 800 347 non
822 297 1102 366 difficillima
1127 298 1223 364 effet
1249 301 1369 364 apud

93 369 213 415 haud
253 370 438 433 ignaros
471 368 763 431 forfunarum
805 368 1102 413 humanarum
1140 366 1370 431 neceffita-

93 448 279 498 tumque
302 469 318 489 ,
343 434 618 496 sententiam
641 434 694 479 de
717 449 764 478 eo
787 433 839 478 de
861 449 946 495 quo
969 429 1191 493 retulistis
1211 466 1227 486 ,
1254 444 1371 498 pau-

93 500 163 546 cis
192 513 424 565 peragam.
458 515 557 563 quae
585 498 812 560 sementia
845 497 969 557 testis
1001 499 1088 545 erit
1111 532 1126 552 ,
1164 498 1370 554 mihine,

94 583 154 614 an
189 566 447 630 legionibus
481 563 643 625 vestris
670 563 983 629 pepercerim,
1022 581 1159 628 quum
1195 581 1265 611 me
1286 564 1373 627 seu

94 633 257 698 turpi,
279 634 362 695 seu
390 628 628 695 necessarid
646 627 869 695 sponsione
897 629 1128 691 olstrinxi.
1161 628 1270 694 ,Qud
1298 646 1375 678 ta-

94 715 196 746 men
213 732 228 753 ,
253 697 429 762 quando
456 695 614 762 injuffu
638 694 794 762 populi
811 695 943 758 fasta
971 694 1028 756 est
1048 729 1063 749 ,
1088 713 1173 741 non
1197 712 1374 744 tenetur

90 761 284 830 populus
321 770 544 811 Romanus
564 784 578 810 .·
602 780 681 810 nec
715 762 960 827 quicquam
993 777 1044 808 ex
1072 779 1155 817 ea,
1177 775 1378 828 praeter-

96 848 234 896 quam
266 845 448 894 corpora
472 829 615 891 nostra
648 830 862 876 debentur
886 828 1181 875 Samnitibus.
1217 830 1376 876 Deda-

95 914 199 945 mur
219 912 298 963 per
309 894 506 963 feciales
531 896 643 942 nudi
667 895 921 958 vinflique.
949 893 1229 956 exfhlvamus
1256 894 1376 944 reli-

14 962 18 964 *
91 965 231 1029 gione
254 961 471 1030 populum
493 996 509 1017 ,
523 960 571 1026 fi
590 958 682 1026 qud
704 958 1015 1024 obligavimus
1035 978 1055 1020 ‚·
1076 978 1129 1009 ne
1160 963 1274 1026 quid
1299 964 1378 1010 di·-

95 1031 206 1077 vini
234 1029 479 1077 humanive
508 1027 671 1090 obstet,
695 1028 936 1091 quominus
957 1027 1126 1088 justum
1150 1030 1376 1093 piumque

99 1098 153 1144 de
183 1097 359 1160 integro
391 1095 572 1143 ineatur
601 1091 788 1143 bellum.
822 1099 1000 1140 Interea
1027 1092 1227 1156 consules
1250 1112 1375 1142 exer-

97 1163 240 1210 citum
251 1163 453 1225 scribere
468 1195 484 1216 ,
508 1177 715 1223 armare,
737 1160 921 1207 educere
936 1157 1122 1224 placet:
1142 1177 1220 1207 nec
1234 1161 1377 1226 prius

95 1229 279 1295 ingredi
308 1228 493 1290 hostium
514 1227 634 1294 fines
652 1261 666 1280 ,
698 1225 835 1291 quam
864 1227 1012 1273 omnia
1031 1227 1153 1288 justa
1176 1228 1224 1274 in
1248 1228 1376 1275 dedi-

93 1296 262 1349 tionem
292 1295 481 1357 nostram
500 1294 702 1362 perfiefla
732 1308 877 1341 erunt.
916 1300 1001 1339 Vos
1029 1328 1044 1349 ,
1082 1295 1152 1341 dii
1180 1295 1374 1341 immor-

95 1360 212 1410 tales
233 1396 248 1416 ,
283 1378 439 1426 precor
476 1361 739 1425 quaesoque,
752 1359 801 1424 fi
828 1360 961 1407 vohis
997 1378 1080 1406 non
1105 1361 1207 1424 suit
1245 1362 1374 1409 cordi

32 1447 35 1449 ·
91 1433 166 1494 Sp.
200 1429 506 1490 Postumium,
537 1431 591 1475 T.
626 1427 863 1474 Veturium
896 1425 1093 1489 consules
1124 1445 1224 1475 cum
1249 1434 1375 1476 Sam-

95 1496 271 1543 nitibus
293 1496 500 1561 prospere
534 1490 705 1541 bellum
733 1509 930 1557 gerere;
953 1508 1001 1540 at
1031 1511 1114 1541 vos
1137 1495 1260 1555 satis
1295 1497 1375 1542 ha-

93 1562 240 1609 beatis
256 1596 272 1616 ,
296 1560 456 1626 vidiffe
482 1578 557 1607 nos
568 1560 654 1622 sub
669 1565 831 1624 jugum
856 1559 1000 1625 miffos
1012 1594 1028 1615 ,
1053 1560 1214 1624 vidiſje
1227 1562 1371 1626 spon-

78 1628 204 1694 stone
236 1629 402 1694 infami
437 1625 659 1692 obligatos
687 1661 702 1681 ,
737 1627 896 1673 videre
929 1629 1067 1675 nudos
1105 1629 1374 1692 vinft'osque

91 1694 284 1755 hostibus
308 1695 513 1750 deditos,
544 1709 715 1751 ornnem
736 1693 854 1740 iram
888 1694 1073 1750 hostium
1102 1694 1263 1756 nestris
1295 1712 1373 1742 ca·-

84 1762 269 1827 pitibus
303 1762 573 1826 excipientes
604 1782 618 1807 .·
649 1777 786 1807 novos
821 1758 1051 1821 consules,
1085 1758 1373 1825 legionesque

93 1833 316 1876 Romanas
345 1829 413 1875 ita
436 1845 536 1873 cum
560 1827 756 1877 Samnite
779 1843 938 1890 gerere
963 1825 1133 1874 bellum
1167 1825 1333 1875 velitis
1349 1862 1366 1881 ,

92 1908 145 1942 ut
168 1895 318 1941 omnia
348 1908 451 1946 ante
472 1911 549 1940 nos
577 1890 773 1955 consules
796 1890 918 1939 bella
942 1893 1066 1957 gesta
1077 1894 1204 1955 sunt.
1241 1896 1373 1956 Quae

92 1958 182 2008 ubi
214 1958 338 2008 dixit
359 1997 372 2017 ‚
400 1972 533 2008 tanta
568 1957 705 2007 fimul
735 1956 990 2008 admiratio
1022 1958 1368 2027 miseratioque

90 2024 188 2076 viri
218 2026 405 2075 incessit
434 2024 657 2074 homines
678 2062 691 2084 ‚
730 2038 787 2073 ut
813 2023 963 2074 mod&
993 2025 1077 2076 vix
1108 2024 1366 2076 crederent

89 2090 231 2152 illum
254 2092 478 2142 eumdem
502 2089 594 2145 effe
617 2093 696 2156 Sp.
719 2090 1021 2142 Postumium
1041 2130 1056 2150 ‚
1080 2092 1166 2161 qui
1192 2092 1366 2144 audior

91 2171 190 2207 tam
225 2157 373 2208 foedae
403 2157 535 2225 pacis
561 2156 724 2208 fuiffet
752 2180 766 2218 3
803 2157 953 2208 modi>
984 2158 1363 2221 miserarentur,

93 2222 234 2291 qubd
268 2225 342 2274 vir
378 2224 486 2273 talis
522 2225 666 2274 etiam
702 2226 998 2294 praecipuum
1032 2226 1162 2293 apud
1201 2225 1363 2277 hostes

91 2290 386 2357 supplicium
415 2288 630 2358 paffurus
661 2289 776 2341 esset
809 2330 823 2352 ,
860 2292 925 2341 ob
960 2292 1078 2342 iram
1111 2293 1362 2360 diremptae

91 2358 242 2427 pacis,
277 2361 454 2422 Quum
485 2374 655 2407 omnes
689 2356 974 2409 2vlaudibus
1005 2359 1160 2410 modo
1195 2359 1362 2427 prose-

150 2476 171 2514 ᾳ.
196 2465 385 2504 Laudibus
401 2464 535 2515 modo]
557 2464 702 2504 Laudes
756 2466 928 2506 lominus
959 2481 1048 2508 eum
1087 2465 1263 2508 hostibus
1298 2465 1370 2514 des

91 2519 371 2558 tantummodo
392 2522 433 2557 in
453 2533 541 2557 eum
558 2532 700 2570 conge·
757 2521 942 2561 dendum.

92 2571 231 2612 rebant
251 2587 260 2612 ι
281 2584 322 2611 at
356 2572 561 2613 censebant
594 2575 701 2613 nihi·

1391 173 1438 207 U.

1390 228 1425 256 30

1447 179 1514 213 c.4

1431 219 1472 254 C.
1494 228 1508 260 3

1521 179 1587 211 34⁴

1522 230 1531 251 ἔ
1573 238 1588 256 0
