1669 3052
74 246 90 257 .‚
391 170 443 234 L
483 194 505 235 1
544 197 580 239 B
621 197 659 239 E
697 202 736 242 R
814 179 1022 251 VIII.
1221 206 1351 278 '1³71'

25 297 29 300 ,
94 262 150 299 us
192 247 358 318 fasque
401 272 504 308 erat
533 297 548 320 ,
585 259 811 328 lacrymis
851 283 950 318 non
993 271 1152 326 mimis
1193 284 1343 347 quzim
1372 306 1565 351 U.c.415.·

68 263 297 368 iaudibus
326 319 506 374 debitis
532 329 820 394 prosecutus
853 347 949 385 tam
976 346 1342 404 memorabilem
1365 356 1452 395 mc.
1469 353 1559 401 ις’-1·

69 397 280 434 mortem
315 386 430 439 esset
448 429 464 449 ,
499 394 737 461 pauiisper
767 397 1075 458 addubitavit
1094 447 1108 468 ,
1133 429 1192 462 an
1222 431 1343 469 con.

66 448 297 516 surgendi
314 454 411 519 jam
431 458 630 510 Triariis
660 476 851 530 tempus
874 469 1020 524 effer:
1044 475 1219 531 deinde
1243 501 1347 537 me·-

63 511 162 564 lius
194 533 325 570 ratus
359 522 575 588 integros
603 543 689 576 eos
725 530 786 579 ad
824 532 1051 590 ultimum
1084 543 1342 605 discrimen

62 581 271 646 servari,
293 590 540 640 Accensos
565 592 626 642 ab
653 596 900 649 novissima
937 607 1041 657 acie
1071 627 1183 663 ante
1211 616 1343 686 figna.

59 650 330 713 procedere
367 654 519 716 jubet.
551 659 660 724 Qui
698 663 783 713 ubi
825 666 1012 722 subiere
1089 685 1342 753 extemplo

59 716 219 764 Latini
255 756 270 778 ,
311 734 543 791 tanquam
587 725 717 777 idem
765 713 1053 789 adversarii,
1078 742 1338 819 fecissent,

57 779 271 834 Triarios
318 787 428 838 suos
474 791 813 847 excitaverunt
849 816 861 846 ε
895 806 982 871 qui
1033 808 1094 859 ali
1136 820 1336 873 uamdiu

55 849 222 962 -ssugnfi
251 857 407 904 atroci
434 873 586 924 quum
611 862 661 909 δε
682 862 913 934 semetipsi
937 872 1085 942 fatiga
1125 897 1210 933 ent
1232 923 1247 946 ‚
1283 891 1336 940 δε

99 916 214 966 astas
246 934 331 970 aut
358 923 725 990 praefregissent,
747 947 831 981 aut
861 933 1164 998 hebetaffent
1179 988 1195 1011 ,
1232 953 1338 1019 pel-

61 979 222 1033 lerent
249 985 298 1036 vi
330 1001 487 1039 tamen
519 990 732 1056 hostem,
757 997 1055 1060 debellatum
1083 1013 1180 1078 jam
1211 1021 1335 1083 rati,

56 1064 448 1121 perventumque
476 1057 537 1108 ad
569 1075 836 1115 extremam
867 1073 1023 1123 aciem
1046 1097 1058 1134 ς
1083 1094 1331 1136 tum-con·

54 1114 128 1164 sul
167 1118 363 1169 Triariis
385 1158 399 1181 ‚
439 1128 702 1194 Consurgite
738 1151 855 1182 nunc
876 1173 893 1193 ,
927 1138 1091 1211 inquit
1112 1186 1126 1208 ,
1157 1152 1333 1219 integri

46 1184 272 1234 adversas
295 1189 459 1254 festos,
486 1210 701 1245 memores
724 1205 893 1265 patriae
912 1241 927 1262 ,
959 1222 1325 1286 parentumque,

48 1248 111 1302 ἐφ’
144 1258 380 1319 conjzaegum
401 1291 417 1312 ,
449 1277 503 1306 ac
536 1259 783 1314 liberorum
814 1287 836 1329 ‚·
871 1290 1087 1327 memores
1106 1288 1325 1348 -com‘ulis

36 1330 123 1382 pro
146 1319 294 1381 vestra
317 1324 520 1375 vifioria
544 1345 686 1378 morte
708 1341 1028 1393 occumbentis.
1062 1347 1158 1400 Ubi
1185 1354 1321 1405 Tria-

36 1381 100 1432 rii
140 1387 551 1443 consurrexerunt
590 1394 767 1464 integri
793 1440 811 1463 ,
847 1405 1208 1476 refulgentibus
1246 1439 1319 1471 ar·
1386 1444 1536 1484 Vincunt

36 1449 166 1509 miS,
189 1469 316 1505 nova
348 1472 408 1506 ex
435 1457 699 1526 improviso
726 1483 896 1522 exorta
922 1477 1078 1541 acies,
1103 1490 1315 1556 receptis
1339 1491 1502 1537 Rsmm'·

39 1515 92 1567 in
116 1515 368 1573 intervalla
391 1524 621 1579 ordinum
645 1532 949 1604 Antepilanis
966 1582 982 1605 ‚
1006 1544 1218 1604 clamore
1244 1558 1316 1609 su-

32 1580 175 1635 blato
213 1597 228 1625 ¹
263 1589 505 1659 principia
543 1597 825 1654 Latinorum
862 1613 1189 1675 perturbant:
1221 1621 1311 1674 ha-

35 1648 214 1718 stisque
241 1673 324 1705 ora
355 1656 601 1712 fodientes
631 1703 645 1724 ‚
686 1667 843 1733 primo
876 1674 1056 1731 robore
1090 1685 1313 1743 virorum

35 1719 156 1767 caeso
185 1737 271 1785 per
300 1722 420 1775 alios
448 1729 722 1798 manipulos
757 1737 894 1790 velut
921 1742 1131 1801 inermes
1158 1772 1311 1826 prope

32 1780 205 1835 -intaffi
242 1792 466 1843 evasere:
491 1796 721 1865 tantz'ique
758 1805 886 1858 caede
919 1828 1181 1885 perrupere
1221 1841 1310 1876 cu-

33 1865 188 1912 neos,
214 1869 269 1904 ut
296 1858 379 1907 vix
403 1876 624 1927 quartam
648 1883 830 1932 partem
857 1876 974 1927 relin
1019 1900 1190 1937 uerent
1210 1890 1309 1942 ho-

32 1915 194 1968 stium.
225 1924 461 1976 Samnites
491 1947 694 2000 quoque
727 1937 813 1988 sub
844 1898 1090 2000 radicibus
1122 1959 1310 2011 montis

26 1986 205 2052 ‘procul
227 1988 276 2038 in
286 1991 444 2042 struffi
466 1995 710 2063 praebuere
730 2019 966 2061 terrorem
988 2018 1183 2070 Latinis.
1206 2028 1306 2076 Ce-

25 2050 189 2103 'terum
217 2054 344 2107 inter
365 2077 534 2113 omnes
563 2065 695 2117 cives
727 2081 747 2105 2
776 2074 1032 2147 sociosque
1059 2089 1304 2158 praecipua

26 2114 133 2168 laus
168 2120 271 2186 ejus
307 2124 421 2177 belli
460 2147 607 2195 penes
643 2140 866 2192 consules
897 2144 995 2197 fuit
1031 2167 1044 2200 ε
1083 2171 1302 2222 quorum

25 2182 146 2234 alter
177 2206 347 2242 omnes
376 2194 528 2246 minas
560 2201 877 2275 periculaque
906 2214 966 2263 ab
990 2215 1082 2268 diis
1113 2223 1299 2292 superis

14 2248 290 2323 Jinferisque
311 2296 328 2319 ,
353 2258 402 2308 in
433 2262 478 2313 se
500 2281 654 2316 unum
677 2275 827 2324 vertit
848 2295 858 2327 :
883 2278 1006 2331 alter
1028 2284 1084 2335 εὲι
1111 2290 1299 2345 virtute

26 2332 189 2385 eoque
211 2323 411 2377 confilio
430 2327 478 2378 in
501 2332 663 2398 praeIio
684 2335 781 2389 fuit
799 2381 813 2402 ,
845 2358 902 2395 ut
936 2348 1080 2403 facile
1110 2373 1299 2411 conve·

24 2386 311 2440 uerit-inter
333 2395 576 2448 Romanos
600 2404 922 2477 Latinosque,
946 2417 1033 2484 qui
1065 2421 1169 2487 ejus
1199 2445 1299 2494 pu-

21 2463 129 2518 gnae
168 2461 453 2513 memoriam
497 2464 699 2532 posteris
747 2477 1054 2537 tradiderunt
1085 2526 1104 2551 ,
1140 2495 1300 2548 utrius

4 2634 10 2654 ·,
71 2621 92 2648 ι
127 2616 318 2672 Principia
346 2625 560 2665 Latinorum
576 2635 592 2678 ]
631 2634 807 2675 Primam
841 2642 980 2683 aciem.

55 2668 59 2672 “
75 2677 95 2703 2
114 2668 264 2723 Socios]
287 2680 489 2731 Samnites,
503 2680 548 2723 de
565 2685 705 2738 quibus
721 2690 847 2732 mod&
863 2693 1010 2738 dietum
1025 2701 1093 2752 est,
1109 2706 1296 2763 intellige,

948 2756 1060 2824 Hi)
