<?xml version="1.0" encoding="UTF-8"?>
<!DOCTYPE html PUBLIC "-//W3C//DTD XHTML 1.0 Transitional//EN"
    "http://www.w3.org/TR/xhtml1/DTD/xhtml1-transitional.dtd">
<html xmlns="http://www.w3.org/1999/xhtml" xml:lang="en" lang="en">
 <head>
  <title>
</title>
<meta http-equiv="Content-Type" content="text/html;charset=utf-8" />
  <meta name='ocr-system' content='tesseract 3.04.00' />
  <meta name='ocr-capabilities' content='ocr_page ocr_carea ocr_par ocr_line ocrx_word'/>
</head>
<body>
  <div class='ocr_page' id='page_1' title='image "./tliviipatavinihi0102livy/tliviipatavinihi0102livy_0389.png"; bbox 0 0 1669 3052; ppageno 0'>
   <div class='ocr_carea' id='block_1_1' title="bbox 9 155 1520 2381">
    <p class='ocr_par' dir='ltr' id='par_1_1' title="bbox 423 155 1306 236">
     <span class='ocr_line' id='line_1_1' title="bbox 423 155 1306 236; baseline -0.018 -6"><span class='ocrx_word' id='word_1_1' title='bbox 423 167 472 229; x_wconf 89' lang='lat' dir='ltr'>L</span> <span class='ocrx_word' id='word_1_2' title='bbox 513 185 535 228; x_wconf 94' lang='lat'>1</span> <span class='ocrx_word' id='word_1_3' title='bbox 577 184 613 227; x_wconf 81' lang='grc' dir='ltr'>Β</span> <span class='ocrx_word' id='word_1_4' title='bbox 657 181 694 225; x_wconf 80' lang='grc' dir='ltr'>Ε</span> <span class='ocrx_word' id='word_1_5' title='bbox 734 181 778 223; x_wconf 80' lang='lat' dir='ltr'>R</span> <span class='ocrx_word' id='word_1_6' title='bbox 846 155 921 219; x_wconf 87' lang='lat' dir='ltr'><strong>X.</strong></span> <span class='ocrx_word' id='word_1_7' title='bbox 1097 226 1109 227; x_wconf 15' lang='grc' dir='ltr'><strong><em>ἶ</em></strong></span> <span class='ocrx_word' id='word_1_8' title='bbox 1184 157 1306 236; x_wconf 76' lang='lat'><strong>381</strong></span> 
     </span>
    </p>

    <p class='ocr_par' dir='ltr' id='par_1_2' title="bbox 34 241 1520 519">
     <span class='ocr_line' id='line_1_2' title="bbox 34 241 1520 307; baseline -0.016 -1"><span class='ocrx_word' id='word_1_9' title='bbox 34 255 206 307; x_wconf 83' lang='lat' dir='ltr'><strong>dentes</strong></span> <span class='ocrx_word' id='word_1_10' title='bbox 228 250 373 302; x_wconf 80' lang='lat' dir='ltr'><strong>mulis</strong></span> <span class='ocrx_word' id='word_1_11' title='bbox 397 250 592 301; x_wconf 80' lang='lat' dir='ltr'><strong>calones</strong></span> <span class='ocrx_word' id='word_1_12' title='bbox 616 241 873 296; x_wconf 86' lang='lat' dir='ltr'><strong>frondosos</strong></span> <span class='ocrx_word' id='word_1_13' title='bbox 901 252 1063 289; x_wconf 86' lang='lat' dir='ltr'><strong>ramos</strong></span> <span class='ocrx_word' id='word_1_14' title='bbox 1090 252 1174 306; x_wconf 83' lang='lat' dir='ltr'><strong>per.</strong></span> <span class='ocrx_word' id='word_1_15' title='bbox 1208 252 1309 286; x_wconf 90' lang='lat' dir='ltr'><strong>ter—</strong></span> <span class='ocrx_word' id='word_1_16' title='bbox 1328 257 1520 299; x_wconf 60' lang='lat' dir='ltr'><strong>u,0,4592</strong></span> 
     </span>
     <span class='ocr_line' id='line_1_3' title="bbox 36 302 1519 377; baseline -0.018 -5"><span class='ocrx_word' id='word_1_17' title='bbox 36 318 425 372; x_wconf 77' lang='lat' dir='ltr'><strong>ramtrahebant</strong></span> <span class='ocrx_word' id='word_1_18' title='bbox 460 335 473 366; x_wconf 70' lang='grc' dir='ltr'>ι</span> <span class='ocrx_word' id='word_1_19' title='bbox 510 330 639 365; x_wconf 80' lang='lat' dir='ltr'><strong>arma</strong></span> <span class='ocrx_word' id='word_1_20' title='bbox 677 311 905 377; x_wconf 81' lang='lat' dir='ltr'><strong>fignaque</strong></span> <span class='ocrx_word' id='word_1_21' title='bbox 939 321 1025 372; x_wconf 86' lang='lat' dir='ltr'><strong>per</strong></span> <span class='ocrx_word' id='word_1_22' title='bbox 1068 302 1313 354; x_wconf 86' lang='lat' dir='ltr'>turbidam</span> <span class='ocrx_word' id='word_1_23' title='bbox 1327 305 1519 347; x_wconf 74' lang='lat' dir='ltr'><strong>a.c.2‚;.</strong></span> 
     </span>
     <span class='ocr_line' id='line_1_4' title="bbox 36 369 1315 453; baseline -0.016 -15"><span class='ocrx_word' id='word_1_24' title='bbox 36 387 199 438; x_wconf 83' lang='lat' dir='ltr'><strong>lucem</strong></span> <span class='ocrx_word' id='word_1_25' title='bbox 232 387 282 435; x_wconf 92' lang='lat' dir='ltr'><strong>in</strong></span> <span class='ocrx_word' id='word_1_26' title='bbox 309 385 467 453; x_wconf 84' lang='lat' dir='ltr'><strong>primo</strong></span> <span class='ocrx_word' id='word_1_27' title='bbox 499 379 790 448; x_wconf 81' lang='lat' dir='ltr'>apparebant</span> <span class='ocrx_word' id='word_1_28' title='bbox 825 393 836 423; x_wconf 92' lang='lat'>:</span> <span class='ocrx_word' id='word_1_29' title='bbox 874 371 980 439; x_wconf 88' lang='lat' dir='ltr'><strong>post</strong></span> <span class='ocrx_word' id='word_1_30' title='bbox 1016 369 1158 421; x_wconf 87' lang='lat' dir='ltr'><strong>altior</strong></span> <span class='ocrx_word' id='word_1_31' title='bbox 1192 369 1315 420; x_wconf 88' lang='lat' dir='ltr'><strong>den-</strong></span> 
     </span>
     <span class='ocr_line' id='line_1_5' title="bbox 36 438 1317 519; baseline -0.016 -15"><span class='ocrx_word' id='word_1_32' title='bbox 36 452 231 519; x_wconf 82' lang='lat' dir='ltr'><strong>fiorque</strong></span> <span class='ocrx_word' id='word_1_33' title='bbox 254 452 414 519; x_wconf 85' lang='lat' dir='ltr'><strong>pulvis</strong></span> <span class='ocrx_word' id='word_1_34' title='bbox 439 448 664 514; x_wconf 84' lang='lat' dir='ltr'><strong>equitum</strong></span> <span class='ocrx_word' id='word_1_35' title='bbox 690 441 897 509; x_wconf 83' lang='lat' dir='ltr'><strong>speciem</strong></span> <span class='ocrx_word' id='word_1_36' title='bbox 927 438 1210 503; x_wconf 78' lang='lat' dir='ltr'><strong>cogentium</strong></span> <span class='ocrx_word' id='word_1_37' title='bbox 1235 450 1317 503; x_wconf 79' lang='lat' dir='ltr'><strong>ag-</strong></span> 
     </span>
    </p>

    <p class='ocr_par' dir='ltr' id='par_1_3' title="bbox 15 501 1324 1184">
     <span class='ocr_line' id='line_1_6' title="bbox 15 501 1317 577; baseline -0.016 -7"><span class='ocrx_word' id='word_1_38' title='bbox 15 535 153 569; x_wconf 87' lang='lat' dir='ltr'><strong>.men</strong></span> <span class='ocrx_word' id='word_1_39' title='bbox 187 517 347 568; x_wconf 74' lang='lat' dir='ltr'><strong>dabat.</strong></span> <span class='ocrx_word' id='word_1_40' title='bbox 386 513 674 577; x_wconf 80' lang='lat' dir='ltr'><strong>Fefeilitque</strong></span> <span class='ocrx_word' id='word_1_41' title='bbox 714 523 812 558; x_wconf 89' lang='lat' dir='ltr'><strong>non</strong></span> <span class='ocrx_word' id='word_1_42' title='bbox 848 504 1086 555; x_wconf 84' lang='lat' dir='ltr'><strong>Samnites</strong></span> <span class='ocrx_word' id='word_1_43' title='bbox 1125 501 1275 551; x_wconf 72' lang='lat' dir='ltr'><strong>modo</strong></span> <span class='ocrx_word' id='word_1_44' title='bbox 1299 541 1317 564; x_wconf 87' lang='lat'>,</span> 
     </span>
     <span class='ocr_line' id='line_1_7' title="bbox 40 569 1318 637; baseline -0.016 0"><span class='ocrx_word' id='word_1_45' title='bbox 40 585 123 637; x_wconf 89' lang='lat' dir='ltr'><strong>sed</strong></span> <span class='ocrx_word' id='word_1_46' title='bbox 142 585 291 635; x_wconf 85' lang='lat' dir='ltr'><strong>etiam</strong></span> <span class='ocrx_word' id='word_1_47' title='bbox 316 586 558 632; x_wconf 77' lang='lat' dir='ltr'><strong>Romanos</strong></span> <span class='ocrx_word' id='word_1_48' title='bbox 580 595 590 626; x_wconf 74' lang='lat' dir='ltr'><strong><em>z</em></strong></span> <span class='ocrx_word' id='word_1_49' title='bbox 614 578 663 625; x_wconf 86' lang='lat'>&amp;</span> <span class='ocrx_word' id='word_1_50' title='bbox 689 570 857 622; x_wconf 80' lang='lat' dir='ltr'><strong>consul</strong></span> <span class='ocrx_word' id='word_1_51' title='bbox 892 569 1148 619; x_wconf 82' lang='lat' dir='ltr'><strong>affirmavit</strong></span> <span class='ocrx_word' id='word_1_52' title='bbox 1182 585 1318 618; x_wconf 84' lang='lat' dir='ltr'><strong>erro-</strong></span> 
     </span>
     <span class='ocr_line' id='line_1_8' title="bbox 40 634 1318 711; baseline -0.014 -8"><span class='ocrx_word' id='word_1_53' title='bbox 40 669 177 711; x_wconf 85' lang='lat' dir='ltr'><strong>rem,</strong></span> <span class='ocrx_word' id='word_1_54' title='bbox 210 649 460 700; x_wconf 87' lang='lat' dir='ltr'><strong>clamitans</strong></span> <span class='ocrx_word' id='word_1_55' title='bbox 495 645 619 694; x_wconf 83' lang='lat' dir='ltr'><strong>inter</strong></span> <span class='ocrx_word' id='word_1_56' title='bbox 647 640 799 709; x_wconf 85' lang='lat' dir='ltr'><strong>prima</strong></span> <span class='ocrx_word' id='word_1_57' title='bbox 827 635 952 701; x_wconf 78' lang='lat' dir='ltr'><strong>figna</strong></span> <span class='ocrx_word' id='word_1_58' title='bbox 975 672 989 695; x_wconf 89' lang='lat'>‚</span> <span class='ocrx_word' id='word_1_59' title='bbox 1024 634 1091 683; x_wconf 85' lang='lat' dir='ltr'><strong>ita</strong></span> <span class='ocrx_word' id='word_1_60' title='bbox 1126 649 1180 683; x_wconf 86' lang='lat' dir='ltr'><strong>ut</strong></span> <span class='ocrx_word' id='word_1_61' title='bbox 1217 651 1318 685; x_wconf 78' lang='lat' dir='ltr'><strong>vox</strong></span> 
     </span>
     <span class='ocr_line' id='line_1_9' title="bbox 41 702 1320 769; baseline -0.016 0"><span class='ocrx_word' id='word_1_62' title='bbox 41 718 189 769; x_wconf 88' lang='lat' dir='ltr'><strong>etiam</strong></span> <span class='ocrx_word' id='word_1_63' title='bbox 217 715 278 766; x_wconf 89' lang='lat' dir='ltr'><strong>ad</strong></span> <span class='ocrx_word' id='word_1_64' title='bbox 301 713 460 765; x_wconf 87' lang='lat' dir='ltr'><strong>hostes</strong></span> <span class='ocrx_word' id='word_1_65' title='bbox 482 708 727 761; x_wconf 86' lang='lat' dir='ltr'><strong>accideret</strong></span> <span class='ocrx_word' id='word_1_66' title='bbox 749 743 764 766; x_wconf 93' lang='lat'><em>‚</em></span> <span class='ocrx_word' id='word_1_67' title='bbox 807 716 987 769; x_wconf 75' lang='lat' dir='ltr'><strong>captum</strong></span> <span class='ocrx_word' id='word_1_68' title='bbox 1023 702 1278 749; x_wconf 77' lang='lat' dir='ltr'><strong>Cominium</strong></span> <span class='ocrx_word' id='word_1_69' title='bbox 1298 719 1320 760; x_wconf 84' lang='lat'><strong>‚-</strong></span> 
     </span>
     <span class='ocr_line' id='line_1_10' title="bbox 41 769 1320 847; baseline -0.015 -13"><span class='ocrx_word' id='word_1_70' title='bbox 41 785 264 834; x_wconf 70' lang='lat' dir='ltr'><strong>viclorem</strong></span> <span class='ocrx_word' id='word_1_71' title='bbox 297 781 518 847; x_wconf 84' lang='lat' dir='ltr'><em>collegam</em></span> <span class='ocrx_word' id='word_1_72' title='bbox 560 775 695 841; x_wconf 66' lang='lat' dir='ltr'><strong>adeffie</strong></span> <span class='ocrx_word' id='word_1_73' title='bbox 735 793 748 819; x_wconf 89' lang='grc'><strong>.·</strong></span> <span class='ocrx_word' id='word_1_74' title='bbox 785 772 1097 818; x_wconf 78' lang='lat' dir='ltr'><strong>anniterentur</strong></span> <span class='ocrx_word' id='word_1_75' title='bbox 1134 769 1320 815; x_wconf 81' lang='lat' dir='ltr'><strong>vincere</strong></span> 
     </span>
     <span class='ocr_line' id='line_1_11' title="bbox 35 832 1319 927; baseline -0.017 -27"><span class='ocrx_word' id='word_1_76' title='bbox 35 853 306 927; x_wconf 55' lang='lat' dir='ltr'><strong>priusquam</strong></span> <span class='ocrx_word' id='word_1_77' title='bbox 341 847 496 915; x_wconf 84' lang='lat' dir='ltr'><strong>gloria</strong></span> <span class='ocrx_word' id='word_1_78' title='bbox 538 842 729 891; x_wconf 82' lang='lat' dir='ltr'><strong>alterius</strong></span> <span class='ocrx_word' id='word_1_79' title='bbox 766 832 987 884; x_wconf 58' lang='lat' dir='ltr'><strong>exercitas</strong></span> <span class='ocrx_word' id='word_1_80' title='bbox 1007 833 1160 897; x_wconf 80' lang='lat' dir='ltr'><strong>fieret.</strong></span> <span class='ocrx_word' id='word_1_81' title='bbox 1203 836 1319 882; x_wconf 84' lang='lat' dir='ltr'><strong>Haec</strong></span> 
     </span>
     <span class='ocr_line' id='line_1_12' title="bbox 44 897 1322 983; baseline -0.016 -15"><span class='ocrx_word' id='word_1_82' title='bbox 44 916 253 968; x_wconf 70' lang='lat' dir='ltr'><strong>insidens</strong></span> <span class='ocrx_word' id='word_1_83' title='bbox 284 931 431 983; x_wconf 91' lang='lat' dir='ltr'><strong>equo.</strong></span> <span class='ocrx_word' id='word_1_84' title='bbox 466 907 576 959; x_wconf 89' lang='lat' dir='ltr'><strong>inde</strong></span> <span class='ocrx_word' id='word_1_85' title='bbox 606 901 815 956; x_wconf 88' lang='lat' dir='ltr'><strong>tribunis</strong></span> <span class='ocrx_word' id='word_1_86' title='bbox 848 897 1322 965; x_wconf 79' lang='lat' dir='ltr'><strong>centurionibusque</strong></span> 
     </span>
     <span class='ocr_line' id='line_1_13' title="bbox 46 963 1323 1051; baseline -0.017 -17"><span class='ocrx_word' id='word_1_87' title='bbox 46 983 251 1051; x_wconf 83' lang='lat' dir='ltr'><strong>imperat</strong></span> <span class='ocrx_word' id='word_1_88' title='bbox 285 1020 301 1043; x_wconf 87' lang='lat'><em>‚</em></span> <span class='ocrx_word' id='word_1_89' title='bbox 342 995 396 1031; x_wconf 90' lang='lat' dir='ltr'><strong>ut</strong></span> <span class='ocrx_word' id='word_1_90' title='bbox 435 976 537 1028; x_wconf 87' lang='lat' dir='ltr'><strong>vias</strong></span> <span class='ocrx_word' id='word_1_91' title='bbox 577 969 827 1041; x_wconf 80' lang='lat' dir='ltr'><strong>equitibus</strong></span> <span class='ocrx_word' id='word_1_92' title='bbox 869 963 1176 1034; x_wconf 79' lang='lat' dir='ltr'><strong>patefaciant.</strong></span> <span class='ocrx_word' id='word_1_93' title='bbox 1215 966 1323 1038; x_wconf 81' lang='lat' dir='ltr'><strong>Ipse</strong></span> 
     </span>
     <span class='ocr_line' id='line_1_14' title="bbox 46 1029 1324 1108; baseline -0.017 -6"><span class='ocrx_word' id='word_1_94' title='bbox 46 1048 306 1102; x_wconf 78' lang='lat' dir='ltr'><strong>Traebonio</strong></span> <span class='ocrx_word' id='word_1_95' title='bbox 335 1042 653 1108; x_wconf 76' lang='lat' dir='ltr'><strong>Caedicioque</strong></span> <span class='ocrx_word' id='word_1_96' title='bbox 678 1033 960 1102; x_wconf 81' lang='lat' dir='ltr'><strong>praedixerat</strong></span> <span class='ocrx_word' id='word_1_97' title='bbox 979 1069 994 1091; x_wconf 87' lang='lat'><strong><em>,</em></strong></span> <span class='ocrx_word' id='word_1_98' title='bbox 1027 1045 1083 1081; x_wconf 89' lang='lat' dir='ltr'><strong>ut</strong></span> <span class='ocrx_word' id='word_1_99' title='bbox 1108 1069 1123 1091; x_wconf 92' lang='lat'>,</span> <span class='ocrx_word' id='word_1_100' title='bbox 1159 1029 1244 1079; x_wconf 78' lang='lat' dir='ltr'><strong>ubi</strong></span> <span class='ocrx_word' id='word_1_101' title='bbox 1276 1032 1324 1081; x_wconf 89' lang='lat' dir='ltr'><strong>se</strong></span> 
     </span>
     <span class='ocr_line' id='line_1_15' title="bbox 49 1094 1324 1184; baseline -0.019 -16"><span class='ocrx_word' id='word_1_102' title='bbox 49 1115 300 1184; x_wconf 87' lang='lat' dir='ltr'><strong>cuspidem</strong></span> <span class='ocrx_word' id='word_1_103' title='bbox 325 1110 532 1164; x_wconf 67' lang='lat' dir='ltr'><strong>ere&amp;am</strong></span> <span class='ocrx_word' id='word_1_104' title='bbox 554 1104 857 1172; x_wconf 78' lang='lat' dir='ltr'><strong>quatientem</strong></span> <span class='ocrx_word' id='word_1_105' title='bbox 878 1094 1105 1149; x_wconf 76' lang='lat' dir='ltr'><strong>vidissent</strong></span> <span class='ocrx_word' id='word_1_106' title='bbox 1125 1133 1138 1155; x_wconf 84' lang='lat'>,</span> <span class='ocrx_word' id='word_1_107' title='bbox 1165 1112 1324 1162; x_wconf 87' lang='lat' dir='ltr'><strong>quan-</strong></span> 
     </span>
    </p>

    <p class='ocr_par' dir='ltr' id='par_1_4' title="bbox 50 1161 1328 1300">
     <span class='ocr_line' id='line_1_16' title="bbox 50 1161 1328 1244; baseline -0.017 -11"><span class='ocrx_word' id='word_1_108' title='bbox 50 1183 103 1233; x_wconf 58' lang='lat' dir='ltr'><strong>t&amp;</strong></span> <span class='ocrx_word' id='word_1_109' title='bbox 137 1179 344 1232; x_wconf 56' lang='lat' dir='ltr'><strong>maxima</strong></span> <span class='ocrx_word' id='word_1_110' title='bbox 378 1178 428 1230; x_wconf 89' lang='lat' dir='ltr'><strong>vi</strong></span> <span class='ocrx_word' id='word_1_111' title='bbox 458 1172 643 1243; x_wconf 80' lang='lat' dir='ltr'><strong>poss&#39;ent</strong></span> <span class='ocrx_word' id='word_1_112' title='bbox 663 1208 677 1231; x_wconf 90' lang='lat'>,</span> <span class='ocrx_word' id='word_1_113' title='bbox 709 1166 1014 1218; x_wconf 81' lang='lat' dir='ltr'><strong>concitarent</strong></span> <span class='ocrx_word' id='word_1_114' title='bbox 1046 1161 1239 1244; x_wconf 79' lang='lat' dir='ltr'><strong>equites</strong></span> <span class='ocrx_word' id='word_1_115' title='bbox 1274 1163 1328 1212; x_wconf 88' lang='lat' dir='ltr'><strong>in</strong></span> 
     </span>
     <span class='ocr_line' id='line_1_17' title="bbox 50 1236 1328 1300; baseline -0.017 0"><span class='ocrx_word' id='word_1_116' title='bbox 50 1248 254 1300; x_wconf 88' lang='lat' dir='ltr'><strong>hostem.</strong></span> <span class='ocrx_word' id='word_1_117' title='bbox 285 1245 365 1296; x_wconf 87' lang='lat' dir='ltr'><strong>Ad</strong></span> <span class='ocrx_word' id='word_1_118' title='bbox 392 1258 566 1295; x_wconf 87' lang='lat' dir='ltr'><strong>nutum</strong></span> <span class='ocrx_word' id='word_1_119' title='bbox 597 1236 759 1287; x_wconf 87' lang='lat' dir='ltr'><strong>omnia</strong></span> <span class='ocrx_word' id='word_1_120' title='bbox 782 1272 796 1293; x_wconf 90' lang='lat'>‚</span> <span class='ocrx_word' id='word_1_121' title='bbox 828 1247 882 1283; x_wconf 91' lang='lat' dir='ltr'><strong>ut</strong></span> <span class='ocrx_word' id='word_1_122' title='bbox 916 1247 975 1280; x_wconf 84' lang='lat' dir='ltr'><strong>ex</strong></span> <span class='ocrx_word' id='word_1_123' title='bbox 1008 1244 1120 1280; x_wconf 90' lang='lat' dir='ltr'><strong>ante</strong></span> <span class='ocrx_word' id='word_1_124' title='bbox 1150 1246 1328 1296; x_wconf 80' lang='lat' dir='ltr'><strong>praepa-</strong></span> 
     </span>
    </p>

    <p class='ocr_par' dir='ltr' id='par_1_5' title="bbox 53 1296 1489 1848">
     <span class='ocr_line' id='line_1_18' title="bbox 56 1296 1330 1379; baseline -0.02 -12"><span class='ocrx_word' id='word_1_125' title='bbox 56 1332 162 1367; x_wconf 86' lang='lat' dir='ltr'><strong>rato</strong></span> <span class='ocrx_word' id='word_1_126' title='bbox 181 1352 196 1376; x_wconf 88' lang='lat'>,</span> <span class='ocrx_word' id='word_1_127' title='bbox 219 1315 359 1365; x_wconf 88' lang='lat' dir='ltr'><strong>fiunt.</strong></span> <span class='ocrx_word' id='word_1_128' title='bbox 382 1309 660 1379; x_wconf 82' lang='lat' dir='ltr'><strong>panduntur</strong></span> <span class='ocrx_word' id='word_1_129' title='bbox 688 1303 813 1351; x_wconf 89' lang='lat' dir='ltr'><strong>inter</strong></span> <span class='ocrx_word' id='word_1_130' title='bbox 842 1297 1038 1348; x_wconf 87' lang='lat' dir='ltr'><strong>ordines</strong></span> <span class='ocrx_word' id='word_1_131' title='bbox 1070 1296 1157 1346; x_wconf 85' lang='lat' dir='ltr'><strong>viae</strong></span> <span class='ocrx_word' id='word_1_132' title='bbox 1177 1313 1187 1344; x_wconf 91' lang='lat'><strong>:</strong></span> <span class='ocrx_word' id='word_1_133' title='bbox 1210 1313 1330 1362; x_wconf 81' lang='lat' dir='ltr'><strong>pro-</strong></span> 
     </span>
     <span class='ocr_line' id='line_1_19' title="bbox 54 1362 1329 1448; baseline -0.023 -13"><span class='ocrx_word' id='word_1_134' title='bbox 54 1382 192 1435; x_wconf 86' lang='lat' dir='ltr'><strong>volat</strong></span> <span class='ocrx_word' id='word_1_135' title='bbox 218 1395 404 1448; x_wconf 85' lang='lat' dir='ltr'><strong>eques,</strong></span> <span class='ocrx_word' id='word_1_136' title='bbox 436 1391 482 1426; x_wconf 88' lang='lat' dir='ltr'><strong>at</strong></span> <span class='ocrx_word' id='word_1_137' title='bbox 523 1390 583 1424; x_wconf 89' lang='lat' dir='ltr'><strong>ue</strong></span> <span class='ocrx_word' id='word_1_138' title='bbox 617 1367 799 1420; x_wconf 81' lang='lat' dir='ltr'><strong>infestis</strong></span> <span class='ocrx_word' id='word_1_139' title='bbox 831 1362 1113 1432; x_wconf 81' lang='lat' dir='ltr'><strong>cuspidibus</strong></span> <span class='ocrx_word' id='word_1_140' title='bbox 1145 1362 1194 1411; x_wconf 90' lang='lat' dir='ltr'><strong>in</strong></span> <span class='ocrx_word' id='word_1_141' title='bbox 1226 1379 1329 1412; x_wconf 81' lang='lat' dir='ltr'><strong>me-</strong></span> 
     </span>
     <span class='ocr_line' id='line_1_20' title="bbox 53 1429 1333 1513; baseline -0.018 -13"><span class='ocrx_word' id='word_1_142' title='bbox 53 1448 191 1499; x_wconf 91' lang='lat' dir='ltr'><strong>dium</strong></span> <span class='ocrx_word' id='word_1_143' title='bbox 225 1461 397 1513; x_wconf 73' lang='lat' dir='ltr'><strong>agmen</strong></span> <span class='ocrx_word' id='word_1_144' title='bbox 432 1443 518 1492; x_wconf 84' lang='lat' dir='ltr'><strong>hol</strong></span> <span class='ocrx_word' id='word_1_145' title='bbox 543 1440 642 1488; x_wconf 89' lang='lat' dir='ltr'><strong>ium</strong></span> <span class='ocrx_word' id='word_1_146' title='bbox 673 1433 771 1485; x_wconf 89' lang='lat' dir='ltr'><strong>ruit</strong></span> <span class='ocrx_word' id='word_1_147' title='bbox 794 1469 808 1492; x_wconf 88' lang='lat'><strong>.,</strong></span> <span class='ocrx_word' id='word_1_148' title='bbox 844 1429 1215 1499; x_wconf 79' lang='lat' dir='ltr'><strong>perrumpitque</strong></span> <span class='ocrx_word' id='word_1_149' title='bbox 1250 1446 1333 1478; x_wconf 85' lang='lat' dir='ltr'><strong>or-</strong></span> 
     </span>
     <span class='ocr_line' id='line_1_21' title="bbox 55 1493 1328 1581; baseline -0.019 -14"><span class='ocrx_word' id='word_1_150' title='bbox 55 1514 194 1566; x_wconf 85' lang='lat' dir='ltr'><strong>dines</strong></span> <span class='ocrx_word' id='word_1_151' title='bbox 216 1553 228 1574; x_wconf 93' lang='lat'>,</span> <span class='ocrx_word' id='word_1_152' title='bbox 255 1523 568 1581; x_wconf 86' lang='lat' dir='ltr'><strong>quacumque</strong></span> <span class='ocrx_word' id='word_1_153' title='bbox 591 1505 828 1569; x_wconf 86' lang='lat' dir='ltr'><strong>impetum</strong></span> <span class='ocrx_word' id='word_1_154' title='bbox 850 1495 1002 1547; x_wconf 87' lang='lat' dir='ltr'><strong>dedit.</strong></span> <span class='ocrx_word' id='word_1_155' title='bbox 1024 1493 1198 1544; x_wconf 88' lang='lat' dir='ltr'><strong>instant</strong></span> <span class='ocrx_word' id='word_1_156' title='bbox 1222 1499 1328 1544; x_wconf 90' lang='lat' dir='ltr'><strong>Vo-</strong></span> 
     </span>
     <span class='ocr_line' id='line_1_22' title="bbox 53 1562 1487 1642; baseline -0.02 -8"><span class='ocrx_word' id='word_1_157' title='bbox 53 1581 272 1633; x_wconf 73' lang='lat' dir='ltr'><strong>iumnius</strong></span> <span class='ocrx_word' id='word_1_158' title='bbox 298 1581 350 1629; x_wconf 82' lang='lat'>&amp;</span> <span class='ocrx_word' id='word_1_159' title='bbox 374 1576 538 1642; x_wconf 86' lang='lat' dir='ltr'><strong>Scipio</strong></span> <span class='ocrx_word' id='word_1_160' title='bbox 559 1610 573 1632; x_wconf 80' lang='lat'>,</span> <span class='ocrx_word' id='word_1_161' title='bbox 601 1574 651 1621; x_wconf 71' lang='grc' dir='ltr'><strong>δε</strong></span> <span class='ocrx_word' id='word_1_162' title='bbox 679 1563 925 1636; x_wconf 88' lang='lat' dir='ltr'><strong>perculsos</strong></span> <span class='ocrx_word' id='word_1_163' title='bbox 944 1562 1177 1612; x_wconf 84' lang='lat' dir='ltr'><strong>sternunt.</strong></span> <span class='ocrx_word' id='word_1_164' title='bbox 1200 1562 1326 1610; x_wconf 89' lang='lat' dir='ltr'><strong>Tum</strong></span> <span class='ocrx_word' id='word_1_165' title='bbox 1391 1570 1487 1606; x_wconf 66' lang='grc' dir='ltr'><em>νῐεῐὶ</em></span> 
     </span>
     <span class='ocr_line' id='line_1_23' title="bbox 55 1621 1489 1714; baseline -0.017 -15"><span class='ocrx_word' id='word_1_166' title='bbox 55 1648 151 1714; x_wconf 86' lang='lat' dir='ltr'><strong>jam</strong></span> <span class='ocrx_word' id='word_1_167' title='bbox 174 1647 379 1697; x_wconf 82' lang='lat' dir='ltr'><strong>deorum</strong></span> <span class='ocrx_word' id='word_1_168' title='bbox 400 1640 755 1702; x_wconf 82' lang='lat' dir='ltr'><strong>hominumque</strong></span> <span class='ocrx_word' id='word_1_169' title='bbox 779 1629 906 1683; x_wconf 55' lang='lat' dir='ltr'><strong>vicia</strong></span> <span class='ocrx_word' id='word_1_170' title='bbox 931 1629 980 1679; x_wconf 90' lang='lat' dir='ltr'><strong>vi</strong></span> <span class='ocrx_word' id='word_1_171' title='bbox 1003 1668 1018 1689; x_wconf 86' lang='lat'>,</span> <span class='ocrx_word' id='word_1_172' title='bbox 1054 1627 1328 1678; x_wconf 87' lang='lat' dir='ltr'><strong>funduntur</strong></span> <span class='ocrx_word' id='word_1_173' title='bbox 1345 1621 1489 1702; x_wconf 54' lang='lat' dir='ltr'><strong>famm‘·</strong></span> 
     </span>
     <span class='ocr_line' id='line_1_24' title="bbox 55 1679 1410 1770; baseline -0.017 -4"><span class='ocrx_word' id='word_1_174' title='bbox 55 1715 266 1766; x_wconf 75' lang='lat' dir='ltr'><strong>linteatae</strong></span> <span class='ocrx_word' id='word_1_175' title='bbox 303 1709 540 1761; x_wconf 86' lang='lat' dir='ltr'><strong>cohortes</strong></span> <span class='ocrx_word' id='word_1_176' title='bbox 577 1722 588 1754; x_wconf 86' lang='lat'><strong>:</strong></span> <span class='ocrx_word' id='word_1_177' title='bbox 629 1700 805 1770; x_wconf 82' lang='lat' dir='ltr'><strong>pariter</strong></span> <span class='ocrx_word' id='word_1_178' title='bbox 842 1695 989 1763; x_wconf 75' lang='lat' dir='ltr'><strong>jura&#39;ti</strong></span> <span class='ocrx_word' id='word_1_179' title='bbox 1033 1694 1330 1760; x_wconf 61' lang='lat' dir='ltr'><strong>iniuratique</strong></span> <span class='ocrx_word' id='word_1_180' title='bbox 1362 1679 1410 1706; x_wconf 50' lang='grc' dir='ltr'><strong>θ’·</strong></span> 
     </span>
     <span class='ocr_line' id='line_1_25' title="bbox 56 1760 1334 1848; baseline -0.022 -14"><span class='ocrx_word' id='word_1_181' title='bbox 56 1781 259 1848; x_wconf 81' lang='lat' dir='ltr'><strong>fugiunt</strong></span> <span class='ocrx_word' id='word_1_182' title='bbox 294 1816 310 1839; x_wconf 86' lang='lat'><strong>‚</strong></span> <span class='ocrx_word' id='word_1_183' title='bbox 356 1793 446 1826; x_wconf 90' lang='lat' dir='ltr'><strong>nec</strong></span> <span class='ocrx_word' id='word_1_184' title='bbox 487 1784 784 1842; x_wconf 83' lang='lat' dir='ltr'><strong>quemquam</strong></span> <span class='ocrx_word' id='word_1_185' title='bbox 828 1777 998 1827; x_wconf 76' lang='lat' dir='ltr'><strong>praeter</strong></span> <span class='ocrx_word' id='word_1_186' title='bbox 1036 1760 1195 1810; x_wconf 87' lang='lat' dir='ltr'><strong>hostes</strong></span> <span class='ocrx_word' id='word_1_187' title='bbox 1233 1777 1334 1810; x_wconf 86' lang='lat' dir='ltr'><strong>me-</strong></span> 
     </span>
    </p>

    <p class='ocr_par' dir='ltr' id='par_1_6' title="bbox 9 1827 1334 2045">
     <span class='ocr_line' id='line_1_26' title="bbox 9 1827 1334 1902; baseline -0.021 -1"><span class='ocrx_word' id='word_1_188' title='bbox 9 1879 19 1884; x_wconf 34' lang='grc' dir='ltr'><em>α</em></span> <span class='ocrx_word' id='word_1_189' title='bbox 59 1862 226 1899; x_wconf 89' lang='lat' dir='ltr'><strong>tuunt.</strong></span> <span class='ocrx_word' id='word_1_190' title='bbox 254 1858 276 1881; x_wconf 88' lang='lat'>2</span> <span class='ocrx_word' id='word_1_191' title='bbox 308 1842 538 1893; x_wconf 88' lang='lat' dir='ltr'><strong>Peditum</strong></span> <span class='ocrx_word' id='word_1_192' title='bbox 573 1850 742 1902; x_wconf 80' lang='lat' dir='ltr'><strong>agmen</strong></span> <span class='ocrx_word' id='word_1_193' title='bbox 761 1870 776 1892; x_wconf 87' lang='lat'>‚</span> <span class='ocrx_word' id='word_1_194' title='bbox 803 1829 939 1897; x_wconf 88' lang='lat' dir='ltr'><strong>quod</strong></span> <span class='ocrx_word' id='word_1_195' title='bbox 977 1827 1215 1896; x_wconf 81' lang='lat' dir='ltr'><strong>superfuit</strong></span> <span class='ocrx_word' id='word_1_196' title='bbox 1242 1845 1334 1896; x_wconf 84' lang='lat' dir='ltr'><strong>pu-</strong></span> 
     </span>
     <span class='ocr_line' id='line_1_27' title="bbox 60 1893 1331 1983; baseline -0.015 -18"><span class='ocrx_word' id='word_1_197' title='bbox 60 1930 164 1983; x_wconf 82' lang='lat' dir='ltr'><strong>gnae</strong></span> <span class='ocrx_word' id='word_1_198' title='bbox 185 1952 198 1971; x_wconf 75' lang='lat'>,</span> <span class='ocrx_word' id='word_1_199' title='bbox 221 1913 269 1962; x_wconf 88' lang='lat' dir='ltr'><strong>in</strong></span> <span class='ocrx_word' id='word_1_200' title='bbox 303 1910 450 1962; x_wconf 83' lang='lat' dir='ltr'><strong>castra</strong></span> <span class='ocrx_word' id='word_1_201' title='bbox 478 1906 537 1957; x_wconf 85' lang='lat' dir='ltr'><strong>ad</strong></span> <span class='ocrx_word' id='word_1_202' title='bbox 569 1898 882 1969; x_wconf 83' lang='lat' dir='ltr'><strong>Aquiloniam</strong></span> <span class='ocrx_word' id='word_1_203' title='bbox 912 1894 1215 1961; x_wconf 86' lang='lat' dir='ltr'><strong>compulsum</strong></span> <span class='ocrx_word' id='word_1_204' title='bbox 1243 1893 1331 1946; x_wconf 85' lang='lat' dir='ltr'><strong>est.</strong></span> 
     </span>
     <span class='ocr_line' id='line_1_28' title="bbox 61 1960 1333 2045; baseline -0.02 -13"><span class='ocrx_word' id='word_1_205' title='bbox 61 1980 293 2033; x_wconf 86' lang='lat' dir='ltr'><strong>nobilitas</strong></span> <span class='ocrx_word' id='word_1_206' title='bbox 337 1974 625 2045; x_wconf 87' lang='lat' dir='ltr'><strong>equitesque</strong></span> <span class='ocrx_word' id='word_1_207' title='bbox 671 1964 944 2017; x_wconf 80' lang='lat' dir='ltr'><strong>Bovianum</strong></span> <span class='ocrx_word' id='word_1_208' title='bbox 990 1960 1333 2027; x_wconf 72' lang='lat' dir='ltr'><strong>perfugerant,</strong></span> 
     </span>
    </p>

    <p class='ocr_par' dir='ltr' id='par_1_7' title="bbox 26 2027 1334 2381">
     <span class='ocr_line' id='line_1_29' title="bbox 26 2027 1332 2145; baseline -0.021 -45"><span class='ocrx_word' id='word_1_209' title='bbox 26 2084 29 2089; x_wconf 93' lang='lat'><em>-</em></span> <span class='ocrx_word' id='word_1_210' title='bbox 61 2047 267 2116; x_wconf 89' lang='lat' dir='ltr'><strong>Equites</strong></span> <span class='ocrx_word' id='word_1_211' title='bbox 301 2059 451 2111; x_wconf 86' lang='lat' dir='ltr'><strong>eques</strong></span> <span class='ocrx_word' id='word_1_212' title='bbox 488 2036 706 2106; x_wconf 81' lang='lat' dir='ltr'><strong>sequitur</strong></span> <span class='ocrx_word' id='word_1_213' title='bbox 739 2071 752 2093; x_wconf 83' lang='lat'>,</span> <span class='ocrx_word' id='word_1_214' title='bbox 788 2028 1011 2145; x_wconf 54' lang='lat' dir='ltr'><strong>(peditem</strong></span> <span class='ocrx_word' id='word_1_215' title='bbox 1044 2027 1190 2094; x_wconf 91' lang='lat' dir='ltr'><strong>pedes</strong></span> <span class='ocrx_word' id='word_1_216' title='bbox 1229 2045 1239 2076; x_wconf 92' lang='lat'>:</span> <span class='ocrx_word' id='word_1_217' title='bbox 1275 2044 1332 2076; x_wconf 88' lang='lat' dir='ltr'><strong>ac</strong></span> 
     </span>
     <span class='ocr_line' id='line_1_30' title="bbox 62 2094 1331 2167; baseline -0.02 -2"><span class='ocrx_word' id='word_1_218' title='bbox 62 2113 250 2166; x_wconf 88' lang='lat' dir='ltr'><strong>diversa</strong></span> <span class='ocrx_word' id='word_1_219' title='bbox 270 2126 487 2167; x_wconf 86' lang='lat' dir='ltr'><strong>cornua,</strong></span> <span class='ocrx_word' id='word_1_220' title='bbox 510 2106 736 2155; x_wconf 83' lang='lat' dir='ltr'><strong>dextrum</strong></span> <span class='ocrx_word' id='word_1_221' title='bbox 759 2115 784 2147; x_wconf 87' lang='lat' dir='ltr'><strong>a</strong></span> <span class='ocrx_word' id='word_1_222' title='bbox 841 2095 987 2145; x_wconf 85' lang='lat' dir='ltr'><strong>castra</strong></span> <span class='ocrx_word' id='word_1_223' title='bbox 1012 2094 1299 2143; x_wconf 69' lang='lat' dir='ltr'><strong>Samnitium</strong></span> <span class='ocrx_word' id='word_1_224' title='bbox 1314 2132 1331 2153; x_wconf 90' lang='lat'>,</span> 
     </span>
     <span class='ocr_line' id='line_1_31' title="bbox 62 2161 1332 2231; baseline -0.022 1"><span class='ocrx_word' id='word_1_225' title='bbox 62 2180 240 2231; x_wconf 82' lang='lat' dir='ltr'><strong>laevum</strong></span> <span class='ocrx_word' id='word_1_226' title='bbox 267 2176 330 2227; x_wconf 90' lang='lat' dir='ltr'><strong>ad</strong></span> <span class='ocrx_word' id='word_1_227' title='bbox 361 2175 532 2226; x_wconf 86' lang='lat' dir='ltr'><strong>urbem</strong></span> <span class='ocrx_word' id='word_1_228' title='bbox 562 2166 733 2221; x_wconf 84' lang='lat' dir='ltr'><strong>tendit.</strong></span> <span class='ocrx_word' id='word_1_229' title='bbox 772 2162 913 2211; x_wconf 87' lang='lat' dir='ltr'><strong>Prior</strong></span> <span class='ocrx_word' id='word_1_230' title='bbox 942 2161 1191 2228; x_wconf 85' lang='lat' dir='ltr'><strong>aliquanto</strong></span> <span class='ocrx_word' id='word_1_231' title='bbox 1228 2164 1332 2208; x_wconf 89' lang='lat' dir='ltr'><strong>Vo-</strong></span> 
     </span>
     <span class='ocr_line' id='line_1_32' title="bbox 65 2225 1334 2304; baseline -0.024 -6"><span class='ocrx_word' id='word_1_232' title='bbox 65 2246 283 2298; x_wconf 84' lang='lat' dir='ltr'><strong>lumnius</strong></span> <span class='ocrx_word' id='word_1_233' title='bbox 315 2241 462 2291; x_wconf 85' lang='lat' dir='ltr'><strong>castra</strong></span> <span class='ocrx_word' id='word_1_234' title='bbox 498 2230 740 2304; x_wconf 77' lang='lat' dir='ltr'><strong>cepitzad</strong></span> <span class='ocrx_word' id='word_1_235' title='bbox 772 2229 944 2279; x_wconf 86' lang='lat' dir='ltr'><strong>urbem</strong></span> <span class='ocrx_word' id='word_1_236' title='bbox 980 2225 1195 2292; x_wconf 84' lang='lat' dir='ltr'><strong>Scipioni</strong></span> <span class='ocrx_word' id='word_1_237' title='bbox 1232 2242 1334 2275; x_wconf 83' lang='lat' dir='ltr'><strong>ma-</strong></span> 
     </span>
     <span class='ocr_line' id='line_1_33' title="bbox 67 2290 1334 2381; baseline -0.021 -13"><span class='ocrx_word' id='word_1_238' title='bbox 67 2313 174 2381; x_wconf 77' lang='lat' dir='ltr'><strong>iore</strong></span> <span class='ocrx_word' id='word_1_239' title='bbox 208 2308 433 2362; x_wconf 88' lang='lat' dir='ltr'><strong>refistitur</strong></span> <span class='ocrx_word' id='word_1_240' title='bbox 463 2306 513 2359; x_wconf 89' lang='lat' dir='ltr'><strong>vi</strong></span> <span class='ocrx_word' id='word_1_241' title='bbox 542 2327 557 2368; x_wconf 80' lang='lat'>3</span> <span class='ocrx_word' id='word_1_242' title='bbox 594 2316 694 2352; x_wconf 88' lang='lat' dir='ltr'><strong>non</strong></span> <span class='ocrx_word' id='word_1_243' title='bbox 725 2295 839 2365; x_wconf 86' lang='lat' dir='ltr'><strong>quia</strong></span> <span class='ocrx_word' id='word_1_244' title='bbox 870 2295 979 2364; x_wconf 86' lang='lat' dir='ltr'><strong>plus</strong></span> <span class='ocrx_word' id='word_1_245' title='bbox 1017 2292 1161 2343; x_wconf 84' lang='lat' dir='ltr'><strong>animi</strong></span> <span class='ocrx_word' id='word_1_246' title='bbox 1190 2290 1334 2344; x_wconf 67' lang='lat' dir='ltr'><strong>vistis</strong></span> 
     </span>
    </p>
   </div>
   <div class='ocr_carea' id='block_1_2' title="bbox 69 2423 1353 2699">
    <p class='ocr_par' dir='ltr' id='par_1_8' title="bbox 69 2423 1353 2699">
     <span class='ocr_line' id='line_1_34' title="bbox 129 2423 1340 2495; baseline -0.015 -13"><span class='ocrx_word' id='word_1_247' title='bbox 129 2458 150 2482; x_wconf 88' lang='lat'><em>2</em></span> <span class='ocrx_word' id='word_1_248' title='bbox 185 2446 354 2484; x_wconf 84' lang='lat' dir='ltr'><strong>Peditum</strong></span> <span class='ocrx_word' id='word_1_249' title='bbox 384 2451 512 2495; x_wconf 77' lang='lat' dir='ltr'><strong>agmen</strong></span> <span class='ocrx_word' id='word_1_250' title='bbox 531 2462 543 2483; x_wconf 88' lang='lat'>‚</span> <span class='ocrx_word' id='word_1_251' title='bbox 580 2434 678 2491; x_wconf 75' lang='lat' dir='ltr'><strong>quod</strong></span> <span class='ocrx_word' id='word_1_252' title='bbox 731 2431 871 2486; x_wconf 56' lang='lat' dir='ltr'><strong>supr-d,</strong></span> <span class='ocrx_word' id='word_1_253' title='bbox 890 2436 941 2470; x_wconf 88' lang='lat' dir='ltr'><strong>V.</strong></span> <span class='ocrx_word' id='word_1_254' title='bbox 966 2442 1027 2477; x_wconf 80' lang='lat'><strong>34.</strong></span> <span class='ocrx_word' id='word_1_255' title='bbox 1058 2430 1127 2475; x_wconf 84' lang='lat' dir='ltr'><strong>Is,</strong></span> <span class='ocrx_word' id='word_1_256' title='bbox 1157 2425 1255 2483; x_wconf 80' lang='lat' dir='ltr'><strong>quod</strong></span> <span class='ocrx_word' id='word_1_257' title='bbox 1275 2423 1340 2464; x_wconf 81' lang='lat' dir='ltr'><strong>his</strong></span> 
     </span>
     <span class='ocr_line' id='line_1_35' title="bbox 69 2480 1353 2554; baseline -0.019 -16"><span class='ocrx_word' id='word_1_258' title='bbox 69 2499 247 2554; x_wconf 76' lang='lat' dir='ltr'><strong>superfuit</strong></span> <span class='ocrx_word' id='word_1_259' title='bbox 258 2502 418 2552; x_wconf 62' lang='lat' dir='ltr'><strong>pugnat]</strong></span> <span class='ocrx_word' id='word_1_260' title='bbox 437 2490 601 2531; x_wconf 81' lang='lat' dir='ltr'><strong>Peditum</strong></span> <span class='ocrx_word' id='word_1_261' title='bbox 617 2504 679 2542; x_wconf 83' lang='lat' dir='ltr'><strong>ag-</strong></span> <span class='ocrx_word' id='word_1_262' title='bbox 732 2502 778 2525; x_wconf 84' lang='lat' dir='ltr'><strong>ex</strong></span> <span class='ocrx_word' id='word_1_263' title='bbox 804 2482 947 2540; x_wconf 71' lang='lat' dir='ltr'><strong>populis</strong></span> <span class='ocrx_word' id='word_1_264' title='bbox 971 2480 1185 2519; x_wconf 72' lang='lat' dir='ltr'><strong>abundabat</strong></span> <span class='ocrx_word' id='word_1_265' title='bbox 1202 2507 1213 2526; x_wconf 85' lang='lat'>‚</span> <span class='ocrx_word' id='word_1_266' title='bbox 1234 2481 1353 2518; x_wconf 81' lang='lat' dir='ltr'><strong>Bitu--</strong></span> 
     </span>
     <span class='ocr_line' id='line_1_36' title="bbox 76 2533 1339 2597; baseline -0.022 -6"><span class='ocrx_word' id='word_1_267' title='bbox 76 2567 158 2591; x_wconf 82' lang='lat' dir='ltr'><strong>men</strong></span> <span class='ocrx_word' id='word_1_268' title='bbox 175 2579 185 2597; x_wconf 83' lang='grc'>,</span> <span class='ocrx_word' id='word_1_269' title='bbox 205 2564 284 2589; x_wconf 88' lang='lat' dir='ltr'><strong>non</strong></span> <span class='ocrx_word' id='word_1_270' title='bbox 310 2561 438 2589; x_wconf 85' lang='lat' dir='ltr'><strong>totum</strong></span> <span class='ocrx_word' id='word_1_271' title='bbox 457 2576 468 2594; x_wconf 93' lang='lat'>,</span> <span class='ocrx_word' id='word_1_272' title='bbox 498 2543 559 2582; x_wconf 84' lang='lat' dir='ltr'><strong>sed</strong></span> <span class='ocrx_word' id='word_1_273' title='bbox 584 2541 681 2596; x_wconf 80' lang='lat' dir='ltr'><strong>quod</strong></span> <span class='ocrx_word' id='word_1_274' title='bbox 732 2541 823 2590; x_wconf 78' lang='lat' dir='ltr'><strong>riges</strong></span> <span class='ocrx_word' id='word_1_275' title='bbox 842 2565 852 2583; x_wconf 87' lang='lat'>,</span> <span class='ocrx_word' id='word_1_276' title='bbox 869 2541 1087 2577; x_wconf 77' lang='lat' dir='ltr'><strong>Arvernos.</strong></span> <span class='ocrx_word' id='word_1_277' title='bbox 1116 2533 1208 2577; x_wconf 85' lang='lat' dir='ltr'><strong>Vid.</strong></span> <span class='ocrx_word' id='word_1_278' title='bbox 1228 2535 1267 2574; x_wconf 68' lang='grc' dir='ltr'><strong>ὃς</strong></span> <span class='ocrx_word' id='word_1_279' title='bbox 1281 2534 1339 2571; x_wconf 76' lang='lat' dir='ltr'><strong>in.</strong></span> 
     </span>
     <span class='ocr_line' id='line_1_37' title="bbox 78 2593 1042 2658; baseline -0.018 -15"><span class='ocrx_word' id='word_1_280' title='bbox 78 2609 158 2655; x_wconf 75' lang='lat' dir='ltr'><strong>ejus</strong></span> <span class='ocrx_word' id='word_1_281' title='bbox 175 2603 354 2658; x_wconf 56' lang='lat' dir='ltr'><strong>superfuit</strong></span> <span class='ocrx_word' id='word_1_282' title='bbox 368 2613 510 2657; x_wconf 57' lang='lat' dir='ltr'><strong>pugnae.</strong></span> <span class='ocrx_word' id='word_1_283' title='bbox 539 2596 681 2634; x_wconf 81' lang='lat' dir='ltr'><strong>Eodem</strong></span> <span class='ocrx_word' id='word_1_284' title='bbox 735 2593 797 2634; x_wconf 62' lang='lat' dir='ltr'><strong>fra</strong></span> <span class='ocrx_word' id='word_1_285' title='bbox 813 2593 958 2633; x_wconf 82' lang='lat' dir='ltr'><strong>XXVI.</strong></span> <span class='ocrx_word' id='word_1_286' title='bbox 980 2600 1042 2637; x_wconf 82' lang='lat'><strong>33.</strong></span> 
     </span>
     <span class='ocr_line' id='line_1_38' title="bbox 78 2651 684 2699; baseline -0.018 0"><span class='ocrx_word' id='word_1_287' title='bbox 78 2657 158 2699; x_wconf 73' lang='lat' dir='ltr'><strong>fere</strong></span> <span class='ocrx_word' id='word_1_288' title='bbox 178 2657 301 2698; x_wconf 80' lang='lat' dir='ltr'><strong>modo</strong></span> <span class='ocrx_word' id='word_1_289' title='bbox 320 2657 471 2696; x_wconf 76' lang='lat' dir='ltr'><strong>locutus</strong></span> <span class='ocrx_word' id='word_1_290' title='bbox 490 2651 540 2692; x_wconf 90' lang='lat' dir='ltr'><strong>est</strong></span> <span class='ocrx_word' id='word_1_291' title='bbox 558 2651 684 2692; x_wconf 84' lang='lat' dir='ltr'><strong>Livius</strong></span> 
     </span>
    </p>
   </div>
  </div>
 </body>
</html>
