1669 3052
327 163 654 231 INDEX
725 159 1109 228 RERUM.
1233 169 1362 246 489

144 252 254 296 turio
276 276 290 298 ,
318 255 448 292 Patres
471 253 714 305 conscriptos
739 251 953 292 obtestatur
973 281 987 302 ,
1014 263 1064 290 ne
1090 247 1205 289 suum
1231 250 1364 290 hone-

148 320 234 347 rem
258 318 490 358 praeponant
516 306 738 345 concordiae
759 307 928 346 civitatis
944 332 958 352 ‚
983 307 1079 347 VII.
1098 319 1167 354 4¹·

93 361 314 414 Salpinates
340 360 542 399 incursant
561 373 674 413 agros
702 363 823 401 Rom.
847 364 897 400 V.
928 371 989 408 31.

93 415 259 454 saltatio
283 426 324 451 in
349 412 449 452 ludis
477 414 636 452 scenicis
653 446 664 463 ,
687 417 782 454 VII.
801 426 839 454 2.

93 467 220 507 saltus
250 467 417 506 Caudini
439 493 452 512 ,
481 470 549 506 IX.
575 483 614 515 7.

95 536 230 549 ——-
249 522 504 566 Germanici,
531 523 599 559 IX.
626 527 686 566 36.

95 590 233 602 ·-———·
253 576 464 612 Hercinius
480 601 493 621 ‚
519 577 567 612 V.
595 586 656 621 34.

252 629 448 665 Taurinus
466 653 477 672 ‚
497 631 546 666 V.
574 640 637 673 34.

96 688 233 701 ·-‘-*—
251 681 464 726 Vescinus,
482 684 531 718 Χ.
558 695 623 718 21.

97 731 239 771 salutis
257 732 356 771 aedes
373 733 395 771 ὲ.
416 736 464 772 G,
484 734 608 773 Junio
629 729 805 770 Bubulco
826 729 985 769 consule
1004 742 1098 770 vota
1120 760 1132 779 ,
1158 732 1207 770 ab
1230 731 1368 772 eodem

149 787 308 825 censore
335 786 488 826 locatur
507 817 520 836 ‚
545 789 614 826 IX.
642 798 708 832 43.
737 783 939 823 dedicatur
966 785 1014 823 ab
1039 783 1179 824 eodem
1204 786 1370 826 dienato-

152 850 217 883 re‚
238 844 286 878 Χ.
311 856 345 879 1.

101 890 266 941 salyum
288 906 382 945 gens
399 920 410 940 ,
429 895 481 933 V.
507 909 568 940 34.

100 947 296 985 Samnites
320 949 459 984 ineunt
485 946 613 986 foedus
640 960 731 986 cum
757 951 878 988 Rom.
902 950 990 986 VH.
1024 961 1085 994 19.
1114 954 1208 998 gens
1231 947 1375 999 opibus

154 1000 352 1052 armisque
387 999 517 1037 valida
539 1027 549 1045 ‚
579 1015 641 1046 29.
669 1000 847 1039 inferunt
875 1000 1055 1049 Sidicinis
1084 1013 1194 1039 arma
1224 1030 1232 1047 ,
1270 1001 1375 1039 unde

157 1054 273 1104 origo
301 1053 392 1091 belli
419 1065 509 1092 cum
537 1057 656 1092 Rom.
682 1054 777 1093 ibid.
808 1056 976 1092 vincunt
1003 1057 1256 1105 Campanoe,
1276 1053 1374 1095 ibid.

151 1106 258 1144 male
282 1109 483 1158 excipiunt
510 1108 656 1159 legatos
685 1111 804 1146 Rom.
836 1121 897 1155 31.
925 1106 1074 1144 bellum
1099 1119 1188 1144 cum
1215 1109 1371 1145 samni-

154 1159 288 1204 tibus,
318 1172 380 1206 32.
413 1173 525 1198 atrox
555 1173 648 1198 cum
677 1161 723 1198 iis
753 1161 935 1212 praelium
956 1189 966 1206 ,
1000 1173 1062 1208 33.
1091 1161 1306 1198 vincuntur
1329 1163 1374 1199 in

155 1215 406 1264 Campania,
428 1213 522 1252 ibid.
559 1215 650 1251 victi
684 1216 827 1252 iterum
862 1215 902 1250 in
936 1215 1128 1259 Samnio,
1156 1223 1218 1260 36.
1258 1216 1373 1252 tertia

152 1277 286 1318 pugna
305 1279 396 1304 cum
420 1266 656 1305 Samnitibus
674 1293 687 1313 ‚
715 1267 794 1319 qua
812 1266 1002 1319 fugantur
1017 1293 1030 1310 ,
1055 1280 1115 1313 37.

202 1320 350 1372 legatos
367 1323 488 1359 Rom.
503 1321 668 1359 mittunt
685 1333 820 1372 pacem
841 1333 996 1358 orantes
1009 1347 1019 1365 ‚
1034 1322 1148 1357 VIII.
1170 1335 1204 1358 ι.
1222 1333 1314 1359 cum
1332 1320 1378 1358 iis

154 1370 285 1411 foedus
310 1385 544 1412 renovatum
569 1402 581 1420 ,
610 1386 646 1413 2.
679 1376 919 1413 Samnitium
946 1386 1059 1425 agros
1085 1373 1239 1411 vastant
1265 1377 1372 1411 Lati-

104 1433 113 1437 ·
159 1425 341 1474 ni,ibid.
367 1438 507 1478 petunt
533 1426 554 1464 a
581 1428 729 1466 Latinis
761 1439 800 1465 ut
823 1432 941 1466 Rom.
967 1439 1221 1465 coerceantur
1239 1454 1250 1472 ,
1275 1427 1370 1466 ibid.

157 1491 338 1533 pugnant
368 1493 460 1518 cum
493 1484 660 1518 Lucanis
688 1481 869 1520 adversus
901 1480 1175 1518 Alexandrum
1210 1482 1377 1531 Epiren-

112 1562 118 1567 .
156 1531 239 1571 sem
258 1560 269 1578 ‚
295 1548 354 1581 ¹7·
378 1534 536 1585 suspecti
561 1534 650 1572 sunt
675 1538 794 1573 Rom.
821 1548 887 1580 23.
912 1533 1022 1572 ferox
1046 1546 1183 1571 eorum
1211 1534 1377 1585 respon-

159 1587 245 1624 sum
265 1617 275 1634 ,
297 1588 390 1625 ibid.
416 1588 490 1624 tria
509 1587 657 1638 oppida
678 1590 723 1625 iis
746 1588 931 1638 adempta
946 1615 956 1632 ‚
983 1600 1046 1632 25-
1072 1589 1284 1639 ejiciuntur
1307 1591 1378 1626 Pa-

159 1639 291 1692 }aepoli
310 1666 322 1685 ‚
346 1652 408 1679 26.
434 1642 648 1678 vincuntur
671 1640 692 1678 a
715 1645 766 1686 Q.
788 1641 906 1680 Fabio
927 1653 1032 1692 mag.
1056 1641 1177 1691 equit.
1204 1654 1265 1688 30.
1286 1642 1380 1680 victi

161 1694 316 1732 rursum
343 1694 366 1731 a
394 1695 550 1745 Papirio
576 1692 764 1733 dictatore
784 1725 794 1743 ,
819 1704 878 1741 36.
905 1706 1057 1732 annuas
1082 1696 1299 1745 impetrant
1320 1698 1381 1733 in·

164 1747 298 1784 ducias
319 1779 329 1795 ‚
354 1760 414 1794 37.
442 1746 633 1786 deficiunt
651 1774 662 1793 ,
690 1747 786 1786 ibid.
810 1747 992 1800 praelium
1016 1759 1130 1785 atrox
1157 1760 1248 1785 cum
1277 1751 1385 1785 Sam·

164 1801 313 1838 nitibus
340 1830 352 1848 ,
390 1803 451 1849 38.
481 1814 619 1838 eorum
648 1803 795 1852 equites·
824 1801 1110 1852 impedimenta
1136 1805 1257 1840 Rom.
1289 1800 1386 1839 diri·

164 1855 281 1904 piunt
297 1879 309 1899 ,
335 1853 424 1892 ibid.
443 1855 658 1893 vincuntur
674 1856 865 1893 Samnites
882 1882 894 1900 ,
917 1869 976 1901 39.
995 1853 1189 1905 damnant
1205 1854 1353 1892 bellum
1368 1884 1383 1904 ,

162 1906 268 1960 ibid.x
287 1905 530 1946 satisfaciunt
559 1911 678 1947 Rom.
704 1907 800 1948 ibid.
828 1920 900 1946 nec
926 1920 1062 1946 tamen
1087 1921 1226 1960 pacem
1254 1909 1386 1960 impe-

138 2006 139 2009 *
165 1970 273 1997 trant
291 1990 301 2007 ‚
322 1959 418 2002 ibid,

222 2012 371 2050 bellum
396 2014 617 2054 instaurant
635 2045 644 2059 ,
670 2016 740 2052 ΙΧ.
766 2028 778 2051 1
802 2040 815 2060 ,
844 2028 879 2054 2.
908 2013 1043 2052 fraude
1069 2014 1232 2065 capiunt
1260 2018 1384 2055 Rom.

167 2066 273 2118 apud
299 2066 497 2104 Caudinas
523 2074 660 2107 Furcas
686 2094 697 2113 ‚
733 2066 826 2106 ibid.
859 2076 910 2112 (φ’
929 2067 1034 2122 seqq.
1065 2079 1261 2119 occupant
1296 2072 1390 2106 Fre·

167 2120 288 2172 gellas
306 2146 316 2164 ,
343 2120 418 2158 col.
451 2125 570 2159 Rom.
602 2135 662 2160 12.
690 2121 905 2158 vincuntur
929 2123 952 2158 a
981 2125 1100 2159 Rom.
1130 2134 1187 2168 15.
1216 2121 1393 2172 iterum,

174 2188 237 2220 14.
274 2173 343 2210 sub
374 2177 515 2225 jugum
549 2177 758 2213 mittuntur
785 2173 1200 2225 Samnitiurnsep'tem
1230 2173 1388 2221 millia,

174 2240 237 2270 ις.
263 2238 399 2264 eorum
427 2227 650 2278 praefidium
680 2228 818 2265 Satrici
841 2224 1070 2280 oppreffum
1087 2254 1098 2273 ,
1124 2235 1183 2268 16,
1209 2226 1389 2267 inducias

170 2280 322 2318 biennii
352 2280 565 2331 impetrant
593 2283 616 2319 a
646 2285 765 2320 Rom.
797 2294 861 2320 20.
894 2279 1085 2319 rebellant
1105 2306 1116 2325 ,
1138 2295 1217 2327 ,21,
1250 2293 1392 2332 anceps

170 2333 352 2386 praelium
380 2346 469 2372 cum
493 2336 732 2373 Samnitibus
751 2366 761 2383 ,
784 2333 878 2373 ibid.
903 2330 1148 2381 vincuntur,
1177 2324 1271 2372 ibid‘.
1290 2328 1393 2386 {2}ae-

170 2387 273 2426 lium
309 2386 483 2438 equestre
512 2400 602 2426 cum
632 2388 869 2426 Samnitibus
887 2418 897 2435 ‚
921 2389 963 2426 in
990 2400 1071 2439 quo
1099 2390 1392 2450 eorumrimpe·

172 2453 282 2480 rator
298 2440 490 2479 occiditur
511 2467 522 2486 ‚
551 2448 610 2480 22.
632 2442 793 2493 capiunt
813 2440 984 2480 plistiam
1003 2471 1013 2486 ,
1036 2438 1126 2479 mid.
1150 2441 1284 2493 pugna
1304 2455 1392 2480 vm-

170 2504 317 2532 cuntut
343 2519 355 2536 ,
391 2507 455 2540 23.
481 2495 786 2547 progrediuntur
815 2494 863 2532 ad
889 2494 1084 2532 Caudium
1104 2520 1115 2539 ,
1146 2509 1210 2540 272.
1241 2495 1290 2532 ad
1320 2495 1395 2533 tri-.-

173 2546 285 2599 ginta
308 2547 436 2586 millia
462 2550 700 2586 Samnitium
724 2548 818 2585 caesa
844 2559 912 2585 aut
937 2559 1081 2600 capta,
1110 2546 1201 2584 ibid.
1228 2550 1395 2600 capiunt

171 2599 386 2646 Cluviam,
408 2613 470 2651 3¹·
504 2614 648 2640 eorum·
670 2600 814 2642 infidiae
842 2628 854 2644 ,
886 2600 967 2639 ibid
1015 2599 1071 2638 ad.
1092 2601 1230 2652 viginti
1265 2600 1394 2640 millia.

168 2654 413 2693 Samnitium
438 2655 535 2695 caesa
551 2684 566 2708 ,
593 2654 687 2697 ibid.
712 2655 1060 2708 anceps.ptaelium
1082 2665 1174 2692 cum
1204 2655 1399 2696 samnitia

1073 2710 1175 2761 Xv
