1680 3110
319 105 452 186 '264
740 105 819 168 T.
901 104 950 167 L
990 125 1012 167 1
1052 129 1095 172 v
1136 127 1158 170 1
1200 128 1225 171 1

114 196 305 241 U.e.439.
391 190 574 239 XXIII.
605 191 792 238 Mutata
826 187 939 238 inde
974 187 1090 239 belli
1124 190 1261 241 sedes
1293 190 1374 244 est.
1414 193 1473 244 ad
1509 193 1599 244 So·³

114 246 303 289 *⁶⁶3¹*
327 274 426 307 ram
458 273 515 306 ex
551 257 748 303 Samnio
786 254 1065 322 Apuliaque
1098 255 1326 309 traduc'kae
1361 259 1599 328 legiones-

105 322 223 412 fistiiff
241 322 302 403 ‘122
326 326 445 373 Sora
468 321 525 372 ad
550 322 789 371 Samnites
814 320 1062 372 defecerat
1078 362 1093 384 ‚
1112 322 1381 376 interfeffis
1404 326 1599 377 colonis

111 417 299 452 samm-‘eh
326 393 676 439 Romanorum.
699 387 802 455 quo
827 406 982 454 quum
1004 391 1151 465 ‘prior
1178 393 1423 443 Romanus
1458 410 1599 443 exer·
1672 434 1676 450 .,

1668 380 1675 400 η
1629 0 1674 344 „wissufflffl

323 456 453 505 citus
476 493 488 514 ,
522 453 580 504 ad
609 453 934 505 ulciscendam
970 452 1154 507 ci‘vium
1194 474 1366 508 necem
1393 476 1599 526 recupe-
1668 450 1671 460 ³

319 521 619 588 tandamque
653 521 928 584 coloniam,
965 523 1150 590 magnis
1187 523 1446 575 itineribus
1488 543 1599 593 per·
1653 548 1668 590 χ

322 586 555 649 venisset,
582 590 634 638 δε
665 588 800 663 sparsi
830 605 913 653 per
937 588 1037 638 vias
1069 589 1397 662 speculatores
1422 629 1436 651 ‚
1462 593 1505 641 se
1545 591 1601 643 ui
1672 619 1675 623 ⁴

319 654 540 722 legiones
574 655 897 715 Samnitium,
938 671 1029 704 nec
1063 673 1156 721 Jam
1196 658 1370 737 procul
1407 657 1493 708 abe
1535 675 1601 721 e,

319 722 402 773 alii
425 723 563 790 supet
589 719 707 771 alios
732 721 1049 782 nunciarent3
1071 722 1268 774 obviam
1290 725 1414 776 itum
1434 724 1560 776 hosti
1577 762 1596 786 ‚

318 803 471 857 atque
505 788 563 838 ad
596 788 823 838 Lautulas
867 788 1066 854 ancipiti
1100 789 1263 855 praelio
1304 791 1596 844 dimicatum
1671 815 1675 817 “

319 856 402 908 est.
436 872 535 908 non
571 854 723 905 caedes
746 894 759 916 ,
793 872 890 904 non
921 853 1035 921 fuga
1065 855 1263 906 alterius
1304 858 1482 925 partiS,
1513 858 1596 911 sed

312 940 419 975 nox
448 924 664 974 incertos
698 921 813 973 vieti
852 921 1121 972 victoresne
1155 921 1305 973 effent
1327 964 1339 984 ,
1376 924 1597 978 diremit.

316 990 526 1042 Invenio
551 988 677 1058 apud
709 987 942 1056 quosdam
960 1026 973 1047 ‚
991 988 1235 1041 adversam
1254 1008 1358 1041 eam
1381 1007 1597 1061 pugnam

320 1057 555 1108 Romanis
584 1054 720 1107 fuisse
741 1095 754 1115 ‚
785 1071 933 1123 atque
971 1057 1019 1105 in
1058 1074 1110 1106 ea
1145 1057 1368 1108 cecidisse
1403 1063 1471 1124 Q.
1493 1063 1597 1111 Au·

318 1124 442 1176 lium
465 1163 479 1185 ,
504 1122 780 1191 magistrum
806 1123 1050 1190 equitum.
1097 1124 1336 1176 Suffectus
1363 1125 1598 1177 inlocum

318 1190 460 1244 Aulii
493 1193 557 1243 C.
588 1190 759 1241 Fabius
783 1189 1003 1257 magister
1026 1190 1249 1258 equitum
1269 1231 1284 1253 ,
1309 1210 1423 1243 cum
1455 1210 1596 1244 exer-

315 1259 421 1310 citu
452 1275 584 1309 novo
620 1258 678 1308 ab
708 1261 859 1308 Roma
883 1255 1111 1318 advenit3
1138 1261 1190 1308 δε
1220 1277 1305 1325 per
1372 1257 1596 1311 raemiffos

318 1325 530 1378 nuncios
574 1323 801 1375 consulto
854 1323 1126 1385 dictatore,
1162 1324 1248 1374 ubi
1292 1327 1340 1375 su
1381 1325 1595 1388 sisteret,

359 1411 489 1444 uove
514 1407 761 1459 tempore,
786 1394 835 1442 &
853 1409 949 1459 qua
971 1408 1028 1440 ex
1053 1405 1187 1460 parte
1212 1390 1397 1442 hostem
1424 1408 1595 1461 aggre-

319 1412 547 1518 deretur,
574 1459 782 1510 substitit
821 1457 1049 1508 occultus
1067 1498 1078 1518 ‚
1105 1459 1162 1509 ad
1189 1461 1349 1510 omnia
1373 1460 1482 1509 satis
1509 1477 1594 1511 ex-

317 1527 519 1594 ploratis
559 1525 782 1576 consiliis.
829 1525 1052 1575 Distator
1095 1544 1248 1593 quum
1284 1544 1368 1596 per
1405 1525 1596 1595 aliquot

317 1593 422 1644 dies
451 1592 555 1662 post
590 1609 801 1661 pugnam
840 1591 1152 1643 continuiffet
1183 1595 1294 1644 suos
1327 1596 1452 1643 intra
1494 1593 1596 1644 val-

315 1660 421 1711 lum
447 1700 460 1722 ,
487 1660 654 1711 obsess'i
699 1659 852 1727 magis
908 1659 1056 1728 quam
1095 1659 1357 1710 obfidentis
1401 1659 1591 1721 modo,

315 1727 502 1795 fignurn
531 1726 730 1795 repente
750 1742 920 1795 pugnae
947 1727 1200 1795 proposuit
1224 1750 1232 1776 :
1269 1731 1318 1777 δε
1346 1727 1595 1778 efficacius

315 1812 452 1848 ratus
473 1795 532 1844 ad
553 1794 891 1844 accendendos
912 1796 1131 1844 virorum
1156 1792 1357 1845 fortium
1375 1794 1592 1856 animos,

317 1861 503 1913 nullam
523 1861 669 1923 alibi,
697 1860 846 1928 quam
878 1861 925 1910 in
954 1862 1206 1928 semetipso
1226 1900 1240 1922 ,
1263 1862 1494 1931 cuiquam
1517 1878 1594 1911 re-

317 1928 481 1980 lictam
515 1930 643 1997 spem
663 1967 678 1987 ‚
715 1929 775 1978 de
804 1928 1028 1995 magistro
1061 1929 1319 1996 equitum,
1358 1944 1593 1995 novoque

320 1996 543 2046 exercitu
579 1994 785 2046 militem
815 1994 1027 2046 celavit:
1061 1998 1111 2046 δε
1136 2034 1149 2054 ,
1179 2011 1409 2061 tanquam
1432 1995 1590 2057 nulla,

315 2062 405 2114 nifi
423 2063 470 2112 in
492 2062 750 2129 eruptione
765 2102 778 2123 ,
801 2064 904 2130 spes
927 2061 1041 2112 esset
1060 2099 1074 2121 ‚
1096 2065 1225 2111 Locis
1244 2098 1259 2118 ,
1277 2063 1439 2131 inquit
1459 2099 1476 2123 ‚
1502 2082 1588 2111 an-

312 2133 462 2198 gustis
477 2167 492 2187 ,
509 2131 684 2179 milites
699 2167 715 2186 ,
732 2132 1004 2197 deprehenfi,
1026 2130 1110 2195 nist
1121 2148 1258 2196 quam
1279 2129 1482 2179 vifft'oria‘
1496 2144 1592 2196 pa-

319 2200 638 2263 teftcerimus,
660 2199 789 2246 viam
824 2197 1000 2246 nullam
1035 2199 1263 2246 habemus.
1301 2200 1483 2247 Stativa
1515 2216 1591 2244 no·-

304 2267 410 2331 stra
443 2268 716 2314 munimento
744 2266 866 2328 satis
906 2281 1007 2314 tuta
1031 2266 1141 2328 sunt
1162 2301 1178 2320 ,
1208 2265 1290 2328 sed
1323 2261 1480 2331 inopid
1509 2281 1592 2312 ea·-

319 2335 420 2381 dem
446 2334 619 2398 infesta.
651 2350 754 2380 nam
779 2332 837 2385 &
860 2334 983 2381 circci
1007 2334 1155 2380 omnia
1175 2333 1451 2396 defecerunt,
1474 2332 1591 2381 unde
1623 2383 1626 2386 ,

309 2402 512 2464 subvehi
542 2415 813 2448 commeatus
839 2414 1049 2466 poterant
1072 2421 1086 2447 :
1127 2399 1186 2452 (γ’
1205 2433 1220 2453 ,
1232 2398 1589 2463 sthominesju-

320 2484 436 2515 vare
476 2465 659 2523 velint,
691 2468 856 2533 iniqua
894 2466 991 2515 loca
1014 2469 1137 2530 fiant.
1173 2472 1332 2530 Itaque
1365 2483 1449 2513 non
1474 2466 1591 2529 fru-

306 2535 491 2597 strabor
522 2553 599 2599 ego
630 2552 744 2589 vos,
769 2534 911 2596 castra
944 2533 1012 2581 hz¹c
1049 2532 1372 2598 relinquendo,
1411 2534 1461 2578 in
1491 2549 1592 2597 quae

318 2599 491 2666 infesta*
513 2598 716 2652 victorici
733 2600 1078 2669 ,stcutpristino
1100 2601 1175 2652 die
1190 2634 1206 2662 ,
1229 2618 1312 2651 vos
1331 2598 1592 2678 recipiatis·-

1438 2679 1584 2714 armts
