1680 3110
351 1150 730 1212 EPITOME
773 1149 1009 1211 LIBRI
1058 1148 1512 1211 UNDECIMR
1583 1178 1588 1182 ·

440 1310 556 1353 Uum
586 1302 753 1351 Fabius
785 1310 964 1368 Gurges
995 1300 1147 1364 consul
1174 1299 1295 1349 male
1328 1299 1580 1349 adversum

304 1303 427 1474 Q
443 1371 664 1419 Samnites
681 1370 915 1436 pugnaffet
935 1402 951 1424 ,
982 1366 1040 1420 ὠ
1057 1369 1246 1431 senatus
1268 1369 1322 1417 de
1342 1384 1576 1417 removen-

444 1437 497 1484 do
533 1453 581 1484 eo
613 1438 669 1485 ab
701 1439 903 1485 exercitu
932 1449 1112 1499 ageret,
1137 1435 1304 1484 Fabius
1342 1436 1577 1484 Maximus

291 1519 428 1571 pater
450 1505 715 1569 deprecatus
744 1511 762 1535 ¹
789 1507 902 1552 hanc
922 1501 1016 1567 fibi
1046 1501 1379 1566 ignominiam,
1408 1519 1454 1551 eo
1476 1519 1575 1551 ma-

298 1567 420 1619 xim&
439 1570 650 1633 senatum
683 1572 864 1628 movit,
891 1566 1009 1634 quod
1042 1568 1215 1617 iturum
1238 1570 1291 1633 ft’
1305 1567 1414 1634 filio
1447 1567 1575 1635 lega-

295 1652 397 1684 tum
465 1635 674 1685 ollicitus
710 1637 770 1698 est
806 1659 820 1685 .·
858 1639 995 1702 idque
1028 1636 1274 1700 praestitit,
1310 1651 1448 1702 atque
1482 1638 1576 1695 ejus

296 1721 380 1753 con
397 1721 411 1750 t
436 1705 498 1752 iis
525 1703 584 1756 ὄπ’
611 1702 890 1770 operdfilius
913 1700 1064 1765 confitl
1085 1705 1290 1761 adjutus,
1313 1702 1428 1768 caefis
1448 1708 1576 1751 Sam-

295 1771 477 1820 nitibus
520 1771 848 1836 triumphavit.
901 1776 953 1820 C.
999 1771 1211 1818 Pontium
1258 1770 1584 1836 imperatorem*-

296 1838 575 1896 Samnitium
610 1838 792 1886 ductum
825 1840 876 1886 in
911 1836 1135 1902 triumpho
1161 1837 1317 1900 securi
1343 1837 1576 1904 percuffit.

298 1910 459 1969 Quum
489 1905 666 1953 civitas
690 1902 952 1971 pestilentia
981 1900 1239 1959 laboraret,
1271 1904 1411 1970 mzffi‘s
1443 1902 1578 1970 lega-

297 1975 366 2019 tis
391 2007 405 2028 ,
443 1986 496 2021 ut
533 1970 792 2038 AEsculapii
818 1971 1004 2038 stgnum
1040 1975 1224 2019 Romam
1256 1973 1312 2019 ab
1345 1971 1578 2037 Epidauro

299 2040 605 2102 transfhrrent
625 2074 642 2095 ,
685 2056 879 2104 anguem
907 2074 923 2094 ,
959 2037 1044 2103 qui
1065 2038 1118 2101 se
1153 2039 1202 2085 in
1233 2055 1398 2086 navem
1424 2055 1577 2086 eorum

300 2102 556 2153 contulerat
585 2141 601 2162 ,
636 2107 687 2154 in
718 2124 806 2172 quo
838 2106 984 2172 ipsum
1016 2121 1176 2152 numen
1205 2103 1281 2169 effi²
1316 2105 1540 2168 constabat
1558 2140 1579 2161 ,-

301 2173 597 2237 deportavere
634 2193 649 2219 .·
684 2190 820 2238 eoque
855 2174 904 2220 in
941 2169 1136 2233 insulam
1169 2173 1352 2220 Tiberis
1385 2169 1543 2237 egreffb
1558 2206 1583 2227 ,.

300 2239 453 2288 eodem
476 2237 570 2287 loco
595 2249 616 2274 2
631 2240 763 2303 sedes
781 2237 1038 2310 AEsculapii
1061 2238 1297 2302 constituta
1320 2238 1395 2301 est.
1420 2245 1470 2288 L.
1494 2244 1579 2287 Po-

357 2402 371 2424 1
406 2388 521 2425 Hanc
540 2383 614 2436 fibi
638 2384 911 2437 Ignominiam]
967 2385 1030 2425 vel
1048 2384 1157 2438 sedes
1178 2413 1191 2434 ,
1223 2385 1387 2438 intelligi
1418 2385 1577 2426 debebit

300 2444 400 2492 Lege
433 2440 561 2492 potitis
589 2438 683 2477 hanc
703 2437 784 2488 filii
811 2440 915 2492 igno·
967 2453 1041 2492 pro
1071 2440 1160 2478 aede.
1202 2439 1360 2478 Constat
1397 2442 1500 2478 enim
1531 2452 1578 2479 ex

301 2495 473 2533 miniam.
969 2492 1074 2533 Festo
1091 2521 1103 2540 ‚
1124 2493 1150 2531 1.
1171 2497 1238 2531 IX.
1258 2497 1297 2532 δε
1314 2492 1445 2532 valer.
1465 2497 1576 2533 Max·

968 2546 996 2584 1.
1017 2551 1046 2585 1.
1066 2561 1100 2585 c.
1125 2548 1160 2584 8.
1180 2549 1219 2584 in
1238 2547 1363 2585 insula
1388 2547 1575 2586 Tiberina

353 2613 374 2638 2
395 2601 510 2639 Sedes
533 2599 760 2655 cAEsculapii
782 2600 910 2693 confi·
966 2600 1088 2638 aedem
1127 2600 1345 2653 AEsculapio
1377 2599 1573 2642 consttuc·

299 2663 384 2694 tuta
416 2654 492 2711 est]
522 2655 595 2697 Vel
621 2668 764 2708 sepone
789 2669 818 2694 α
848 2670 912 2704 es,
968 2666 1050 2693 tam
1079 2648 1202 2692 fuiffe,
