1680 3110
320 137 450 183 210
727 121 801 183 T.
886 122 1006 181 L-1
1048 142 1105 198 v,
1135 145 1158 183 1
1200 144 1227 184 1
1668 174 1674 182 o

110 219 299 264 uum,
323 215 398 252 tes
428 239 444 263 ,
483 201 577 252 sese
607 203 809 271 recepit.
844 202 966 254 Inde
998 203 1183 256 clamor
1210 205 1259 257 in
1290 219 1445 259 totam
1474 222 1608 258 con-⁴

113 272 301 313 “KG-³22-
325 268 521 319 cionem
559 267 626 318 est
665 269 912 337 perlatus:
936 270 1050 321 alibi
1086 289 1289 338 preces,
1312 273 1426 324 alibi
1460 274 1598 325 minae
1664 267 1680 317 ἶ

324 335 668 387 audiebantur,
720 337 828 401 Qui
859 337 1071 404 proximi
1099 338 1228 390 fort&
1258 340 1470 392 tribunal
1503 340 1598 391 ste·-

323 416 483 452 terant
505 441 516 462 ‚
543 400 660 470 quia
692 403 892 471 subjeffi
918 404 1075 457 oculis
1104 405 1412 474 imperatoris
1439 409 1600 458 nosci·
1648 419 1673 437 ‘1

323 468 685 543 tari-poterant
714 509 730 532 ,
775 471 980 522 orabant
1019 488 1075 522 ut
1114 489 1334 548 paiceret
1375 473 1600 541 magistro
1675 491 1680 542 j

323 550 585 604 equitum,
613 552 709 587 neu
751 555 865 589 cum
908 556 969 590 eo
1014 555 1286 592 exercitum
1330 540 1597 594 damnaret.
1670 565 1680 576 =

321 604 552 654 Extrema
584 603 795 666 conci0,
816 609 865 656 ὅ(
891 607 1024 656 circa
1052 607 1251 658 Fabium
1280 606 1458 674 globus
1482 646 1495 667 ,
1527 607 1600 656 ina
1675 636 1680 641 ·

323 669 590 738 crepabant
619 670 966 723 inclementem
1000 673 1290 724 distatorem
1322 693 1333 723 z
1365 691 1456 725 nec
1485 685 1602 743 pro'-
1675 707 1678 711 -

321 736 404 786 cul
430 736 666 788 seditione
690 739 903 791 aberant.
931 743 1009 790 Ne
1031 740 1246 791 tribunal
1269 741 1468 809 quidem
1491 740 1603 792 satis
1677 765 1680 788 :

321 803 550 871 quietum
573 820 691 856 erat.
727 806 896 875 Legati
922 806 1289 858 circumstantes
1313 808 1476 858 sellam
1493 825 1604 858 ora·
1663 823 1666 826 ·

321 869 440 920 bant
464 910 477 933 ,
512 885 569 922 ut
603 889 705 922 rem
739 873 789 923 in
825 873 1071 942 posterum
1106 873 1236 925 diem
1268 873 1484 925 differret
1507 912 1522 936 ‚
1552 877 1603 925 &

322 938 403 988 irae
425 940 516 990 suae
539 939 747 1007 spatium
766 980 782 1002 ‚
809 944 863 992 δε
890 940 1089 992 confilio
1115 956 1307 1010 tempus
1330 941 1496 992 daret:
1521 948 1604 992 Sa-
1671 950 1674 953 ’

322 1008 387 1054 tis
422 1007 690 1073 castigatam
720 1007 1065 1074 adolescentiam
1097 1012 1231 1059 Fabii
1259 1009 1502 1076 effessatis
1529 1010 1606 1058 de-

310 1075 566 1138 firmatam
594 1076 842 1125 viHoriam
866 1098 880 1125 .·
904 1095 957 1126 ne
986 1078 1044 1125 ad
1069 1092 1313 1126 extremum
1334 1077 1478 1143 finem
1496 1078 1606 1143 sup-

316 1140 462 1207 plicii
482 1142 684 1190 tenderet
701 1163 716 1190 .-
735 1161 821 1192 neu
844 1151 868 1185 4
891 1145 1022 1193 unico
1036 1147 1234 1203 juveni,
1258 1161 1343 1192 neu
1360 1145 1491 1210 patri
1509 1149 1604 1202 ejus
1673 1167 1680 1172 ·

320 1205 565 1274 clarifflmo
598 1209 735 1265 viro,
769 1227 854 1258 neu
886 1212 1034 1259 Fabiae
1057 1212 1193 1276 genti
1220 1228 1318 1260 eam
1350 1213 1606 1276 injungeret

319 1275 640 1340 ignominiam.
693 1279 872 1338 Quum
910 1293 1082 1345 parum
1120 1274 1348 1343 precibus
1376 1313 1393 1337 ‚
1434 1293 1606 1342 parum

321 1339 471 1390 caus&
501 1339 798 1409 proficerent
828 1381 844 1406 ‚
884 1342 1068 1394 intueri
1094 1342 1367 1394 saevientem
1400 1343 1607 1393 concio-

324 1423 439 1458 nem
461 1406 711 1474 jubebant.
745 1416 819 1460 Ita
843 1412 1049 1460 irritatis
1075 1409 1280 1461 militum
1310 1411 1480 1460 animis
1492 1411 1605 1476 sub-

325 1477 432 1525 dere
465 1476 646 1542 ignem,
667 1496 721 1527 ac
748 1479 990 1527 materiam
1006 1478 1259 1542 seditioni,
1283 1495 1367 1526 non
1394 1476 1470 1545 effe
1494 1492 1605 1526 aeta-

321 1543 389 1591 tis
417 1577 432 1598 ‚
467 1561 552 1591 non
580 1545 836 1610 prudentiae
868 1550 976 1604 ejus.
1015 1545 1238 1594 neminem
1271 1545 1323 1593 id
1357 1549 1421 1610 Q.
1467 1546 1606 1594 Fabio

329 1616 352 1651 5
380 1622 558 1675 poenam
595 1611 856 1678 deprecanti
881 1613 1015 1676 suam
1056 1612 1178 1660 vitio
1221 1612 1458 1675 versurum
1483 1647 1499 1669 ,
1521 1612 1606 1674 sed

324 1676 546 1724 difflatori
562 1711 576 1732 ,
594 1676 642 1743 fi
665 1693 906 1726 occaecatus
934 1677 1011 1728 ira*
1035 1678 1238 1742 infestam
1261 1675 1606 1727 multitudinem

324 1743 376 1791 in
401 1744 451 1807 se
474 1757 625 1810 pravo
659 1746 903 1794 certamine
937 1744 1155 1810 moviffiet.
1199 1743 1417 1808 Postremo
1439 1779 1455 1801 ,
1492 1743 1513 1777 ⁶
1552 1761 1607 1793 ne

301 1811 378 1872 *id
406 1810 458 1875 se
486 1812 655 1877 gratiae
698 1812 804 1873 dare
840 1816 903 1877 Q.
939 1813 1076 1875 *Fabii
1106 1813 1306 1860 crederet
1337 1846 1353 1868 ‚
1381 1812 1433 1875 se
1455 1816 1608 1869 jusju-

326 1878 518 1926 randum
544 1880 651 1926 dare
672 1892 860 1945 paratos
887 1877 991 1945 effe,
1017 1897 1102 1928 non
1133 1879 1291 1927 videri
1319 1875 1342 1926 ὲ
1366 1877 1605 1945 republica

328 1945 379 1995 in
400 1948 463 2007 Q.
490 1946 678 1992 Fabium
704 1962 749 1992 eo
772 1959 967 2011 tempore
989 1946 1321 1994 animadverti.

393 2013 617 2061 XXXIII.
655 2010 746 2060 His
778 2011 989 2064 vocibus
1018 2029 1174 2078 quum
1204 2010 1252 2061 in
1282 2011 1328 2060 se
1358 2010 1510 2078 magis
1528 2009 1609 2064 ‚in-

328 2154 393 2182 tut
418 2157 456 2183 tn
478 2152 597 2183 totam
621 2143 841 2184 concionem.
871 2147 940 2182 Eas
996 2143 1234 2196 Supplicium
1265 2141 1432 2196 effugere
1458 2156 1606 2182 conan-

329 2209 464 2237 tamen
493 2197 619 2236 delere
650 2196 675 2235 fi
707 2199 766 2236 cui
798 2197 940 2236 durum
996 2199 1038 2235 ti.
1067 2203 1100 2235 Is
1121 2198 1358 2252 deprecatur,
1383 2200 1448 2250 qui
1473 2199 1606 2250 preca-

328 2251 527 2297 videbitur
544 2280 554 2298 ,
579 2250 712 2289 mitius
738 2250 827 2291 licet
850 2253 942 2290 huic
997 2262 1123 2290 turne
1142 2251 1234 2304 quid
1256 2254 1472 2299 contingat.

331 2306 424 2345 loco
450 2304 648 2344 consulere
665 2334 677 2353 ,
700 2307 740 2343 δε
758 2305 940 2344 emenda·
1053 2312 1075 2342 6
1096 2309 1151 2342 Ne
1172 2304 1214 2342 ici
1232 2305 1268 2356 se
1282 2292 1415 2358 gratia}
1435 2303 1526 2341 dare
1547 2303 1607 2355 Q.

332 2372 374 2397 re
389 2372 479 2398 cum
495 2364 594 2397 Tan.
611 2359 738 2397 Fabro
756 2374 764 2397 ε
782 2357 945 2397 tumultu,
998 2357 1109 2396 Fabii
1133 2357 1286 2398 crederet
1304 2364 1319 2407 ]
1349 2361 1408 2396 Ne
1438 2357 1611 2396 crederet

330 2413 412 2462 jam
433 2413 635 2451 concionem
656 2413 860 2464 miscentes.
998 2412 1033 2449 se
1055 2412 1142 2450 ideo
1170 2410 1217 2450 fic
1239 2412 1374 2464 loqui,
1393 2413 1485 2463 quia
1517 2423 1607 2462 gra·

388 2480 413 2513 4
430 2468 555 2505 vnico
575 2467 744 2516 juveni]
774 2465 911 2505 Juveni
928 2493 939 2512 ‚
997 2467 1094 2504 tiam
1108 2466 1216 2504 Fabii
1234 2465 1420 2504 demereri
1438 2463 1608 2510 vellen13

333 2521 442 2571 cujus
455 2521 576 2559 virtus
591 2518 794 2572 singularis
809 2522 846 2559 ὃς
859 2523 944 2558 uni·
997 2519 1034 2556 se
1054 2521 1092 2557 in
1109 2522 1153 2558 iis
1170 2531 1253 2572 quae
1273 2519 1443 2558 dicerent
1462 2517 1605 2569 spedia-

332 2586 378 2613 εει
407 2571 511 2612 effet.
998 2586 1038 2611 re
1067 2574 1174 2612 Fabii
1202 2576 1370 2627 gratiam
1401 2574 1439 2613 &
1468 2571 1610 2611 amici-

386 2638 400 2673 ς
421 2630 570 2667 Poenam
586 2627 795 2684 deprecanti
804 2626 911 2680 suam
926 2632 940 2677 ]
999 2629 1109 2666 tiam.
