1669 3052
416 116 772 178 Liriniz·
849 105 1130 201 VIII..
1265 132 1385 194 ρος

110 214 214 254 rem
246 198 520 250 mittantur.
560 195 835 268 Repentina
868 212 945 246 res
980 204 1016 228 ·2·
1046 209 1160 262 quia
1187 231 1203 255 ,
1242 193 1392 264 quam
1420 206 1613 249 Utc.429.

111 268 303 318 causam
336 266 556 325 nullam,
585 281 684 317 tam
723 281 784 315 ne
821 263 968 314 fidem
1002 260 1203 328 quidem
1241 260 1395 312 habe·
1419 254 1612 297 a.<:.323.

113 332 198 384 bat
227 355 241 394 3
281 334 439 385 coacti
467 332 493 384 ὲ
525 331 824 385 Samnitibus
856 334 906 382 δε
938 328 1128 380 obfides
1160 328 1274 379 dare
1295 366 1312 391 ,
1344 331 1396 380 &

112 399 321 469 praesidia
358 400 406 451 in
437 400 545 450 loca
573 399 762 453 munita
789 398 1042 465 accipere,
1075 396 1188 446 caeci
1215 394 1388 447 fraude

113 470 164 517 δε
191 466 259 517 ira
295 467 419 518 nihil
448 468 746 518 recusarunt.
778 464 1014 516 Dilucere
1047 463 1222 514 deinde
1252 463 1393 514 brevi

45 568 49 570 ἡ
113 532 247 584 fraus
276 534 436 603 coepit
459 572 473 595 ,
495 533 748 601 postquam
771 531 1034 581 criminum
1058 529 1286 580 falsorum
1309 547 1396 581 au-

115 600 275 652 &ores
315 603 583 651 Tarentum
628 598 1013 663 commigravere
1052 615 1063 646 :
1100 597 1181 648 sed
1225 596 1397 648 amissa„

114 667 249 716 omni
273 667 332 718 de
355 668 399 717 se
424 667 661 733 potestate
683 705 696 726 ,
720 664 840 714 nihil
866 664 992 716 ultra
1018 664 1166 731 quam
1195 680 1252 715 ut
1276 680 1392 733 poe-

112 734 293 785 niteret
322 733 493 785 frustra
510 774 523 796 ,
550 732 769 784 restabat.

181 804 408 851 XXVIII.
437 803 506 850 Eo
538 817 663 850 anno
687 797 818 867 plebi
843 800 1069 848 Romanae
1094 796 1234 848 velut
1258 795 1394 849 aliud

61 901 64 904 -
113 865 310 919 initium
338 868 577 918 libertatis
607 867 791 918 facium
821 864 919 926 est,
943 875 959 900 1
995 863 1136 933 quod
1159 864 1288 915 necti
1311 864 1392 916 de-

99 931 307 987 fierunt.
337 949 576 985 mutatum
609 948 774 984 autem
804 937 879 994 ius
906 931 971 982 ob
1004 932 1150 983 unius
1174 930 1393 982 foenera-

113 1001 235 1051 toris
265 1000 400 1053 fimul
436 1000 689 1051 libidinem
710 1040 723 1061 ‚
749 998 884 1049 fimul
916 999 1257 1050 crudelitatem
1284 998 1388 1048 infi-

127 1083 275 1119 5nem.
312 1073 363 1120 L.
388 1068 610 1135 Papirius
634 1068 673 1118 is
698 1066 809 1117 fuit.
841 1065 921 1115 cui
952 1084 1108 1134 quum
1132 1067 1176 1114 se
1202 1068 1263 1114 C.
1290 1068 1391 1116 Pu-
1458 1086 1599 1130 papa-n

111 1081 278 1185 {lilius
308 1133 373 1183 ob
404 1151 463 1184 aes
491 1134 703 1186 alienum
731 1147 989 1201 paternum
1024 1148 1204 1183 nexum
1230 1129 1388 1183 dedis·
1409 1130 1590 1200 f⁰.2'²⁹r.⁶¹²⁶’j

111 1200 214 1261 set3
243 1218 348 1269 quae
373 1216 483 1252 aetas
513 1201 768 1269 formaque
797 1199 1176 1250 misericordiam
1209 1198 1386 1250 elicere
1415 1181 1584 1267 migma,

111 1280 338 1334 poterant
354 1307 367 1330 ‚
392 1269 451 1318 ad
468 1267 721 1319 libidinem
739 1269 787 1316 δε
807 1266 1154 1318 contumeliam
1175 1267 1391 1320 animum

110 1334 444 1386 accenderunt
466 1353 476 1384 ε
501 1338 549 1386 8:
573 1334 741 1385 florem
764 1334 914 1384 aetatis
939 1333 1042 1398 ejus
1064 1332 1281 1387 frustum
1301 1334 1393 1386 ad-

111 1401 380 1453 ventitium
411 1401 750 1452 crediti-ratus
773 1437 787 1461 ‚
814 1400 974 1469 primo
1005 1400 1242 1468 perlicere
1274 1403 1391 1454 ado-

111 1465 374 1519 lescentem
409 1470 626 1520 sermone
664 1467 846 1518 incesto
884 1467 950 1518 est
985 1483 1194 1519 conatus
1227 1487 1238 1520 :
1272 1469 1389 1521 dein

107 1533 364 1604 postquam
387 1536 759 1604 aspernabantur
783 1534 1021 1602 flagitium
1046 1550 1185 1585 aures
1205 1575 1220 1598 ‚
1242 1537 1388 1588 minis

112 1602 332 1652 territare
349 1641 364 1664 ,
389 1617 537 1672 atque
566 1601 836 1653 identidem
859 1601 1120 1654 admonere
1145 1600 1353 1654 fortunae
1375 1624 1389 1656 ε

111 1668 356 1737 postremo
393 1708 409 1732 ,
457 1687 613 1738 quum
656 1669 972 1736 ingenuitatis
1013 1669 1198 1736 magis,
1238 1671 1392 1738 quam

112 1736 353 1803 praesentis
379 1735 680 1787 conditionis
703 1753 969 1787 memorem
990 1735 1209 1796 videret,
1232 1738 1391 1790 nuda-

113 1801 155 1853 ri
186 1803 321 1865 jubet
340 1843 353 1864 ‚
380 1803 682 1871 verberaque
709 1801 884 1854 afferri.
917 1803 1119 1868 Quibus
1149 1803 1394 1857 laceratus

109 1868 304 1935 juvenis
339 1889 492 1938 quum
527 1873 572 1921 se
606 1872 655 1920 in
686 1868 938 1938 publicum
963 1870 1273 1940 proripuisset
1293 1912 1309 1934 ,
1332 1873 1392 1923 li-

111 1935 334 1987 bidinem
359 1937 803 2006 crudelitatemque
837 1955 1149 2007 conquerens
1174 1937 1395 1991 foenera-

113 2004 234 2054 toris
261 2024 276 2064 ·‚
302 2002 473 2073 ingens
507 2005 583 2056 vis
615 2005 870 2056 hominum
889 2044 903 2067 ,
931 2023 1087 2073 quum
1119 2006 1273 2057 aetatis
1302 2009 1390 2059 mi-

111 2070 349 2121 seratione
400 2074 555 2140 atque
590 2070 879 2139 indignitate
920 2072 1104 2138 injuriae
1152 2077 1391 2138 accensa,

112 2151 216 2187 tum
260 2140 350 2188 suae
389 2138 688 2189 conditionis
726 2138 1036 2208 liberumque
1076 2141 1273 2191 suorum
1307 2160 1389 2193 re·-

113 2205 274 2271 spe8m
294 2244 308 2265 ,
336 2204 386 2253 in
418 2207 578 2255 forum
596 2244 610 2266 ,
642 2221 789 2274 atque
824 2207 937 2258 inde
954 2244 971 2268 ,
1004 2207 1194 2274 agmine
1217 2207 1349 2259 facto
1368 2248 1388 2272 ,

112 2269 172 2320 ad
204 2272 390 2321 curiam
424 2273 689 2323 concurrit.
721 2276 770 2323 δε
803 2311 817 2333 ,
855 2292 1011 2344 quum
1046 2274 1270 2325 consules
1305 2292 1388 2327 tu-

110 2337 271 2390 multu
302 2340 559 2407 repentino
591 2340 747 2392 coasti
776 2342 992 2392 senatum
1019 2357 1255 2395 vocarent
1273 2382 1287 2404 ,
1312 2342 1390 2393 in-

157 2470 178 2494 2
196 2457 305 2512 Qia
319 2487 329 2506 ‚
348 2460 463 2514 qudm
478 2459 622 2511 caufirm
639 2459 718 2498 nul·
773 2461 904 2501 batur.

109 2508 189 2548 lam
204 2517 218 2560 ]
238 2514 341 2557 Quia
355 2541 366 2559 ‚
383 2514 719 2566 quemadmodum
828 2527 842 2552 1
886 2514 1008 2572 de
1038 2515 1137 2554 neHi
1172 2514 1350 2567 desierunt
1366 2523 1387 2568 J

111 2565 267 2603 causam
282 2565 433 2606 nullam
449 2568 620 2606 habebat
634 2598 645 2616 ‚
665 2571 720 2607 ita
773 2567 891 2614 Quod
908 2571 948 2607 in
964 2570 1184 2609 servitutem
1203 2569 1288 2608 dari
1302 2583 1389 2610 cre-

106 2629 157 2657 ne
191 2618 391 2661 credibilis
424 2621 582 2676 quidem
608 2621 718 2666 vide·
773 2622 1388 2729 ditoribusdeblitoresdefietuneo

1102 2693 1154 2744 VJ
