1669 3052
437 146 963 212 anERX.
1227 150 1357 229 367

69 247 167 305 gae,
194 250 249 285 ac
273 243 298 277 4
319 224 471 301 strage
498 250 659 283 rerum
684 232 731 281 in
757 228 1084 299 trepidatione
1111 229 1351 281 nocturna

67 301 229 373 paffim
266 300 556 350 relictarum.
590 299 681 348 His
719 297 897 348 auditis
936 295 1109 367 consul
1148 297 1209 348 ad
1244 314 1353 348 eam

1381 248 1467 282 U.C.
1481 245 1570 288 458.

1378 304 1411 330 a.
1429 295 1568 336 (2294-

69 383 255 436 partem
283 368 418 417 urbis
439 407 452 426 ,
479 364 575 435 qua
614 365 830 415 adierant
864 363 1059 432 equites
1081 400 1095 422 ‚
1129 364 1353 415 circum-
1426 411 1430 417 ,

69 435 208 486 ducit
233 449 402 501 agmen
428 454 438 483 :
465 432 838 499 constitutisque
863 430 994 480 haud
1025 429 1204 497 procul
1233 447 1352 502 por-

69 515 118 551 ta
159 500 301 567 fignis
330 537 343 561 ,
380 500 601 567 quinque
640 498 833 572 equites
868 497 1009 562 jubet
1047 498 1226 547 intrare
1266 515 1354 548 ur-

66 567 209 627 bem,
243 569 296 616 δε
321 566 572 615 modicum
600 566 804 631 spatium
827 562 1100 629 progressos
1128 579 1225 614 tres
1249 581 1354 614 ma-
1388 624 1397 630 ,

65 649 182 683 nere
211 631 386 682 eodem
416 631 562 688 loco,
586 630 619 679 fi
651 646 756 680 tuta
785 628 1077 691 videantur3
1103 631 1230 681 duos
1266 642 1351 680 exa

65 699 249 768 plorata
279 698 337 748 ad
368 700 413 747 se
444 698 640 748 referre.
678 696 784 761 Qui
820 696 906 746 ubi
941 695 1192 747 redierunt
1217 735 1232 757 ,
1270 714 1351 747 rea

67 765 389 833 tuleruntque
422 764 484 814 eo
522 765 567 813 se
600 762 902 833 progressos,
926 761 1056 812 unde
1088 763 1140 813 in
1176 780 1349 816 omnes

65 848 227 900 partes
251 830 632 898 circumspectus
655 829 799 890 effet3
819 829 965 896 longe
988 828 1184 897 lateque
1208 829 1351 880 filen-

63 899 189 950 tium
225 915 280 949 ac
311 896 624 948 solitudinem
653 896 820 948 vidisse
848 915 862 956 ς
890 896 1139 963 externplo
1177 896 1351 948 consul

66 966 304 1016 cohortes
337 963 588 1031 expeditas
622 963 670 1012 in
700 964 872 1013 urbem
904 962 1128 1014 induxit:
1154 978 1351 1014 ceteros

65 1032 262 1082 interim
296 1030 445 1080 castra
479 1031 783 1081 communire
815 1030 955 1091 juffit.
989 1029 1186 1096 Ingreffi
1219 1030 1352 1080 mili-

63 1114 138 1150 tes
157 1137 170 1159 ,
198 1097 417 1148 refractis
440 1095 631 1148 foribus
656 1135 672 1157 ,
696 1113 880 1165 paucos
902 1098 1073 1164 graves
1099 1112 1238 1147 aetate
1260 1110 1352 1146 aut

61 1164 305 1216 invalidos
341 1164 601 1215 inveniunt
631 1202 645 1223 ‚
689 1163 955 1230 relictaque
989 1179 1096 1232 quae
1132 1163 1349 1229 migratu

60 1231 278 1283 difficilia
318 1229 484 1281 essent.
527 1233 591 1279 Ea
633 1229 821 1297 direpta
845 1268 860 1289 ,
899 1232 948 1279 δε
985 1230 1244 1297 cognitum
1283 1244 1348 1280 ex

61 1298 269 1367 captivis
303 1297 369 1348 est
403 1336 418 1358 ‚
456 1296 705 1347 communi
741 1294 942 1347 consilio
984 1296 1175 1364 aliquot
1211 1295 1349 1348 circ&

61 1368 208 1418 urbes
237 1361 468 1415 consciffe
495 1362 691 1431 fugam:
717 1364 830 1415 suos
858 1362 1012 1429 prima
1034 1361 1202 1430 vigilia
1227 1381 1342 1428 pro-

59 1432 213 1486 feftos
235 1450 246 1482 ε
268 1430 469 1481 credere
495 1429 714 1489 eamdem
736 1431 784 1481 in
808 1429 913 1480 aliis
938 1429 1143 1480 urbibus
1168 1430 1343 1480 solitu-

57 1502 223 1554 dinem
248 1499 553 1551 inventurOS.
589 1496 748 1548 Dictis
774 1515 829 1549 ca
867 1496 1084 1548 rivorum
1104 1496 1224 1548 fides
1251 1513 1344 1549 εκ-

54 1569 176 1622 stitit
198 1584 208 1616 z
234 1565 432 1617 desertis
458 1566 651 1635 oppidis
678 1516 862 1617 consul)
879 1566 1083 1635 potitur.

0 1633 4 1637 ⁴
167 1639 315 1685 XXV.
343 1633 501 1684 Alteri
532 1633 720 1684 consuli
750 1638 818 1684 M.
844 1633 1003 1685 Atilio
1026 1648 1339 1703 nequaquam

40 1720 159 1757 rtarn
197 1699 341 1751 facile
379 1700 564 1751 bellum
603 1699 714 1752 fuit.
766 1705 943 1764 Quum
983 1701 1043 1752 ad
1084 1702 1342 1753 Luceriam

56 1774 261 1823 duceret
298 1767 549 1834 legione5‚
580 1785 726 1836 quam
756 1769 1029 1836 oppugnari
1061 1768 1120 1818 ab
1155 1774 1343 1819 Samni-

56 1839 191 1891 tibus
227 1833 446 1885 audierat
467 1874 479 1897 ,
517 1833 575 1884 ad
607 1834 752 1884 finem
786 1835 1085 1886 Lucerinum
1113 1835 1158 1886 ei
1188 1835 1343 1888 hostis

55 1904 233 1957 obvius
258 1899 371 1952 fuit.
393 1900 463 1951 ibi
487 1902 557 1951 ira
579 1902 707 1952 vires
739 1902 965 1969 aequavit.
1004 1902 1230 1954 Praelium
1252 1922 1340 1955 va-

53 1974 182 2025 rium
205 1972 255 2020 &
279 1985 455 2036 anceps
480 1966 603 2018 fuit:
629 1967 810 2019 tristius
833 1983 995 2018 tamen
1020 1981 1204 2021 eventu
1232 1972 1342 2021 Ro·-

55 2039 210 2091 manis
229 2073 244 2096 ‚
271 2038 324 2085 &
348 2036 464 2102 quia
488 2035 664 2084 insueti
688 2049 824 2085 erant
845 2035 976 2087 vinci
997 2075 1011 2097 ,
1047 2039 1098 2087 ἅτ
1119 2036 1234 2103 quia
1260 2037 1339 2087 di—

51 2105 330 2174 gredientes
364 2102 516 2168 magis
550 2103 698 2169 quam
723 2102 771 2152 in
801 2102 904 2170 ipso
939 2103 1205 2153 certamine
1230 2105 1338 2154 sen-

51 2176 248 2227 serunt,
271 2183 510 2236 quantum
546 2170 597 2218 in
636 2170 714 2219 sua
746 2184 882 2238 parte
920 2170 1030 2239 plus
1068 2169 1336 2221 vulnerum

51 2258 108 2292 ac
132 2235 274 2289 caedis
304 2232 480 2285 fuisset.
507 2238 682 2303 Itaque
710 2236 751 2286 is
784 2250 944 2286 terror
976 2237 1026 2286 in
1055 2236 1218 2287 castris
1248 2254 1334 2287 or-

9 2301 13 2305 ’
50 2322 133 2359 tus
153 2346 164 2364 ‚
191 2301 277 2373 qui
300 2300 330 2349 fi
354 2317 626 2370 pugnantes
651 2300 877 2370 cepisset,
911 2302 1104 2371 insignis
1129 2319 1334 2371 accepta

52 2372 215 2425 clades
237 2369 384 2420 foret.
410 2378 427 2403 1
461 2370 589 2420 Tum
615 2387 818 2439 quoque
843 2368 1050 2421 sollicita
1078 2387 1174 2421 nox
1196 2365 1294 2422 fuit
1311 2389 1333 2433 ς

1408 1643 1546 1682 Bellum

1361 1693 1490 1728 Atilio

1306 1768 1317 1779 .
1360 1740 1559 1785 nonfacile‘e

48 2493 178 2546 ceffzfm
205 2490 292 2531 urbe
307 2504 321 2526 .·
335 2487 534 2539 fialitudine
556 2488 659 2528 haud
771 2504 786 2528 1
831 2493 922 2530 Tum
944 2497 1134 2554 ¹quoque]
1170 2488 1330 2529 Etiamsi
1353 2492 1355 2495 ’

5 2568 13 2569 ff
50 2547 167 2587 dubia
188 2545 227 2583 id
249 2542 473 2597 perspicuum
497 2542 576 2596 esJe.
712 2547 841 2584 minus
871 2545 1034 2596 penculi
1064 2557 1148 2582 tum
1181 2543 1331 2592 fuerit,

100 2615 127 2648 4
167 2600 298 2649 Strage
330 2602 482 2646 rerum]
522 2599 655 2638 Stratis
711 2597 833 2649 quarn
856 2598 883 2637 fi
909 2601 938 2638 is
962 2610 1090 2638 terror
1110 2609 1330 2652 pugnantes

47 2653 182 2709 paffim
205 2664 271 2704 pet
296 2651 378 2692 vias
399 2649 525 2690 rebus.
709 2649 879 2705 cepisset.

969 2707 1026 2771 Q
1053 2702 1125 2772 iiij
