1680 3110
709 380 1107 474 LrssER
1189 410 1266 470 x

144 573 332 616 U.c.450.
351 549 393 603 I.
532 556 674 602 Uc10
702 550 950 622 Genucxo
972 586 985 608 ‚
1008 548 1112 598 Ser.
1137 543 1379 596 Cornelio
1411 542 1623 596 consuli·

141 623 229 703 a}
249 633 261 664 3
262 631 335 703 ΟΜ.
535 618 628 670 bus
641 654 657 678 ,
678 616 737 666 ab
761 630 975 666 exterms
992 612 1145 664 ferme
1165 611 1305 663 bellis
1321 611 1480 663 otium
1504 611 1620 664 fuit.

141 679 337 758 nuc'iof‘
357 692 374 719 ¹
407 687 574 735 Soram
603 699 751 751 atque
783 681 958 732 Albam
990 679 1193 730 coloniae
1220 677 1451 730 dedustae.
1489 688 1510 714 ²
1535 677 1624 728 Al-

141 764 333 816 Ser3c0t·
355 751 466 802 bam
499 752 547 802 in
581 755 769 817 AEquos
800 749 877 798 sex
915 746 1065 797 millia
1099 745 1391 796 colonorum
1430 743 1621 812 scripta.

141 808 251 897 ἓξὲξ
352 822 472 894 Sora
503 818 604 886 agri
629 815 796 869 Volsci
830 812 1120 876 fuerat3sed
1159 809 1461 879 possederant
1491 815 1629 863 Sarn-

349 901 493 936 nltes.
525 884 588 936 eo
609 898 824 952 quatuor
853 879 1004 932 millia
1040 880 1298 930 hominum
1330 877 1475 929 missa.
1516 881 1621 928 Eo-

347 952 465 1004 dem
487 969 614 1002 anno
648 960 664 992 ³
702 947 1018 1017 Arpinatibus
1033 945 1416 1014 Trebulanisque
1444 943 1620 996 civitas

348 1019 478 1070 data.
497 1017 766 1069 Frufinates
786 1013 933 1065 tertia
956 1028 1092 1079 parte
1110 1013 1211 1080 agri
1227 1010 1464 1073 damnati,
1481 1009 1622 1079 quod

347 1085 593 1136 Hernicos
629 1084 687 1134 ab
727 1082 795 1132 eis
836 1080 1122 1132 sollicitatos
1155 1093 1461 1146 compertum
1498 1095 1510 1126 :
1540 1093 1620 1129 ca-

346 1154 550 1221 pitaque
585 1147 939 1215 conjurationis
973 1146 1105 1211 eju5‚
1129 1145 1387 1214 quaestione
1418 1143 1477 1194 ab
1496 1159 1619 1196 con-

344 1219 531 1271 sulibus
563 1235 624 1269 ex
659 1213 1074 1268 senatusconsulto
1103 1212 1298 1271 habita,
1322 1211 1474 1279 virgis
1517 1209 1620 1270 caefi

344 1304 402 1337 ac
438 1285 594 1337 securi
621 1281 841 1353 percuffi.
878 1287 1094 1339 Tamen,
1122 1297 1182 1330 ne
1214 1279 1411 1347 prorsus
1441 1276 1616 1328 imbel-

344 1354 441 1404 lem
464 1372 489 1404 a
526 1366 666 1402 erent
688 1366 870 1401 annum
892 1386 905 1407 ‚
928 1365 1073 1416 parva
1100 1363 1124 1396 e
1163 1345 1349 1415 peditio
1380 1353 1402 1386 4
1425 1343 1474 1394 in
1497 1348 1619 1396 Um-

160 1441 325 1474 Lammes
345 1420 449 1472 bria
477 1367 608 1471 faeta
636 1418 702 1468 est
727 1435 736 1466 :
774 1414 913 1484 quod
941 1412 1117 1464 nuncia
1155 1429 1263 1464 atur
1298 1427 1357 1462 ex
1392 1409 1622 1479 spelunca

132 1486 171 1520 3”
189 1487 322 1532 spelm·
343 1486 557 1556 quadam
579 1482 889 1536 excurfiones
925 1495 1221 1531 armatorum
1254 1479 1304 1528 in
1327 1495 1351 1526 a
1390 1493 1468 1527 ros
1489 1476 1615 1529 fieri.

124 1545 172 1624 ἵ
198 1532 326 1581 ⁰9¹⁷r‘s‘
346 1561 414 1606 1η
435 1571 541 1605 eam
574 1554 601 1603 s
627 1550 850 1602 eluncam
875 1561 1182 1616 penetratum
1205 1562 1321 1596 cum
1347 1491 1488 1610 &gnis
1521 1543 1589 1593 est
1598 1581 1616 1606 ‚

344 1624 397 1673 δε
421 1638 482 1671 ex
514 1637 575 1670 eo
593 1571 718 1670 ῗοςο
748 1617 959 1667 obscuro
986 1612 1138 1664 multa
1167 1612 1368 1664 vulnera
1387 1625 1616 1678 accepta,

340 1685 655 1755 maximeque
673 1683 889 1752 lapidum
923 1680 1023 1732 ictu
1044 1698 1055 1730 ε
1079 1678 1236 1730 donec
1272 1677 1426 1728 altero
1446 1676 1618 1744 specfis

340 1754 448 1820 ejus
471 1771 557 1804 ore
581 1756 725 1820 (nam
745 1748 944 1826 pervius
976 1747 1113 1811 erat)
1142 1746 1345 1797 invento
1363 1783 1375 1806 ,
1396 1757 1617 1812 utraeque

341 1820 512 1873 fauces
540 1817 781 1889 congestxs
811 1816 955 1883 lignis
977 1813 1199 1865 accensae.
1226 1813 1292 1863 ita
1319 1811 1451 1861 intus
1475 1808 1617 1861 fumo

337 1906 396 1942 ac
428 1904 609 1960 vapore
648 1884 709 1938 ad
744 1883 845 1937 duo
876 1880 1028 1935 millia
1060 1895 1391 1941 armatorum,
1423 1876 1616 1930 ruentia

1001 2046 1060 2086 nit
1085 2043 1224 2085 eodem
1237 2053 1370 2083 errore
1385 2069 1397 2089 ‚
1416 2039 1495 2093 quo
1513 2037 1616 2080 infr&

392 2063 407 2090 x
439 2054 569 2093 Soram
590 2061 703 2108 atque
721 2048 869 2092 Albam
887 2060 946 2088 co-

1000 2114 1037 2140 c.
1061 2112 1096 2148 3.
1115 2097 1348 2144 Carseolos,
1372 2098 1439 2147 qui
1469 2097 1615 2146 AEquo·

337 2105 478 2158 loniae]
510 2106 628 2159 Supra
655 2106 683 2144 l.
714 2108 782 2142 IX.
811 2117 846 2142 c.
881 2115 945 2150 23.

339 2165 433 2199 Sora
460 2162 541 2212 jam
570 2172 654 2200 tum
681 2157 838 2196 colonia
866 2160 948 2196 Ro·

339 2226 459 2257 mana
499 2210 573 2252 esse
615 2212 770 2251 dicitur.
812 2215 950 2262 Itaque

338 2280 420 2307 non
436 2279 536 2306 nunc
552 2264 724 2319 primum
747 2263 948 2303 deducitur

339 2322 423 2361 haec
442 2320 602 2359 colonia
616 2348 628 2368 ‚
653 2318 718 2358 sed
736 2317 944 2370 suppletur.

395 2386 417 2413 2
436 2371 587 2415 ,Albam
603 2374 642 2412 in
661 2376 854 2426 Aquas]
873 2369 945 2409 Al·

340 2428 436 2468 bam
471 2430 641 2467 Fucentis
678 2424 853 2477 intellige
880 2453 891 2471 ,
925 2421 949 2463 ἆ

338 2496 421 2535 qua
447 2480 670 2532 Albenses,
699 2490 741 2518 ut
765 2477 816 2517 ab
844 2477 950 2517 Alba

340 2540 476 2587 Longa
497 2532 666 2573 Albani.
697 2535 791 2572 Eam
812 2532 951 2570 urbem

340 2591 383 2629 in
412 2585 548 2627 Marfis
572 2583 682 2625 fuiffe
706 2586 950 2625 consentiunt

339 2654 490 2683 omnes.
519 2642 648 2683 Livius
666 2642 709 2680 in
723 2641 854 2695 AEquis
875 2651 948 2694 po·

1003 2166 1092 2194 rum
1109 2164 1219 2192 erant
1233 2179 1246 2199 ,
1276 2162 1317 2189 ut
1334 2150 1413 2201 ipse
1436 2148 1615 2200 agnoscit

1002 2221 1037 2247 c.
1068 2217 1132 2244 12.
1165 2207 1279 2256 hujus
1307 2214 1463 2255 quoque
1495 2201 1614 2248 libri,

1004 2258 1144 2300 Marsis
1184 2258 1404 2298 adscribere
1444 2252 1614 2293 videtur.

1001 2312 1086 2354 Nisi
1100 2312 1124 2351 fi
1137 2313 1359 2353 vicinorum
1373 2306 1615 2362 populorum

1003 2365 1097 2408 fines
1120 2367 1216 2418 saepe
1236 2366 1390 2404 mutati.
1558 2404 1564 2406 ,

1059 2426 1166 2468 3.Ar
1194 2417 1391 2468 inatibns]
1420 2416 1616 2468 Arpinum

1006 2475 1047 2513 in
1070 2474 1148 2514 Vol
1169 2476 1222 2513 cis
1243 2474 1370 2524 patria
1396 2468 1470 2510 fuit
1490 2468 1615 2509 Marii

1008 2531 1048 2567 &
1079 2528 1292 2566 Ciceronis.

1055 2594 1080 2629 4
1098 2581 1146 2618 ln
1161 2577 1357 2628 vmbria]
1376 2574 1588 2617 Mallemus
1600 2599 1615 2623 ,

1002 2635 1044 2678 in
1067 2632 1286 2677 Umbriam.
1469 2680 1479 2689 ·
1596 2677 1614 2694 x

1365 2677 1618 2735 novlffime
