1669 3052
489 175 543 237 L
591 199 614 240 ι
665 201 697 241 Β
745 204 782 245 E
829 207 868 249 R
958 193 1029 257 X.

33 299 36 302 ι
112 256 324 312 gemque
359 251 692 325 Cleonymum
731 270 824 320 tria
868 274 1017 330 millia
1060 281 1229 341 abefl'e.

111 308 316 378 captivis
339 322 564 384 proximo
588 328 702 381 vico
732 335 779 383 in
808 340 977 394 custod

109 372 371 433 fluviatiles
406 404 552 441 naves
584 395 644 444 ad
671 398 934 465 superanda
959 415 1080 466 vada
1111 418 1389 489 stagnorum

109 442 222 506 apte
247 446 402 514 planis
432 454 580 508 alveis
613 460 907 534 fabricatam,
943 494 1048 543 pars
1081 490 1273 554 captiva
1306 512 1390 547 na-

106 507 237 574 vigia
266 521 460 570 armatis
492 526 743 593 complent
774 552 785 583 :
819 541 1133 615 profectique
1170 556 1230 607 ad
1263 560 1387 613 clas-

104 572 202 623 sem
227 615 243 637 ,
283 580 558 640 immobiles
599 609 784 661 naveS,
819 607 871 654 δε
912 606 1023 662 loca
1065 616 1231 683 ignota
1269 628 1384 694 plus

102 640 252 706 quzim
290 645 476 702 hostem
513 656 741 714 timentes
767 705 784 726 ,
826 670 1202 743 circumvadunt
1238 710 1249 741 :
1292 694 1379 746 fu-

97 705 383 780 gientesque
407 717 457 767 in
481 722 633 776 altum
656 731 752 780 acr'
768 731 783 748 “
918 739 931 755 “

99 773 253 841 usque
285 779 344 829 ad
374 784 549 839 ostium
581 796 733 847 amnis

97 836 296 895 busdam
317 846 615 924 incensisque
634 866 743 914 navi

93 904 280 972 pidatio
301 913 352 963 in
372 918 492 971 vada
515 922 746 980 intulerat
764 971 779 994 ‚
805 936 1016 995 victores
1037 966 1372 1016 revertuntur.

95 971 404 1045 Cleonymus
425 1023 440 1045 ‚
469 988 553 1039 vix
585 994 756 1061 quint&
784 1019 918 1069 parte
946 1014 1147 1069 navium
1180 1022 1369 1080 incolu-

92 1039 194 1101 mi,
217 1044 348 1096 nullal
368 1053 570 1119 regione
590 1063 734 1113 maris
754 1071 792 1116 A
866 1073 873 1081 '
909 1076 944 1106 Ρ
985 1079 993 1087 “
1336 1096 1349 1105 ’

90 1104 142 1154 tei
166 1144 181 1166 ‚
216 1108 434 1166 disceffit.
469 1123 630 1176 Rostra
661 1133 770 1182 navi

88 1186 208 1224 num
235 1175 284 1226 in
313 1181 411 1233 aede
439 1190 466 1236 J
472 1193 646 1243 unonis
679 1203 835 1252 veteri
866 1205 958 1259 fixa

83 1237 195 1290 sunt
217 1244 303 1310 qui
326 1249 573 1307 viderunt.
611 1261 796 1319 Patavii
827 1272 849 1304 ⁶
884 1279 1246 1341 monimentum
1274 1310 1363 1346 na-

1 1312 8 1319 ·
83 1304 205 1357 valis
228 1326 401 1379 pugnae
427 1336 488 1371 eo
514 1321 628 1387 die‘,
658 1346 761 1396 quo
786 1353 1055 1406 pugnatum
1090 1352 1183 1413 est,
1208 1376 1360 1424 quot-

0 1400 2 1405 ·
80 1372 217 1424 annis
250 1379 431 1434 solenni
455 1394 716 1448 certamine
742 1404 852 1463 nav‘

838 1421 939 1459 rum
960 1411 1011 1463 in
1034 1414 1236 1474 flumine
1258 1445 1355 1497 op-

78 1437 182 1504 pidi
207 1446 371 1499 medio
400 1468 673 1512 exercetur.
1223 1511 1227 1515 ·

122 1508 233 1568 ἸΙΙΙ.
273 1515 456 1569 Eodem
489 1540 615 1576 anno
653 1531 816 1584 Romae
849 1553 962 1591 cum
996 1549 1232 1617 VestiniS,
1254 1576 1352 1626 pe-

74 1572 294 1629 tentibus
324 1586 618 1654 amicitiam,
652 1595 803 1650 ictum
837 1604 905 1655 est
934 1607 1124 1669 foedus.
1173 1625 1350 1677 Multi-

69 1636 185 1702 plex
215 1641 392 1701 deinde
425 1670 627 1711 exortus
659 1677 831 1720 terror.
865 1674 1106 1735 Etruriam
1138 1689 1349 1745 rebella-

68 1721 154 1768 re,
178 1707 239 1785 al>
277 1716 623 1776 Arretinorum
658 1731 980 1794 seditionibus
1017 1766 1157 1804 motu
1198 1773 1344 1824 ort0,

840 1819 998 1872 genus
1032 1834 1305 1890 praepotens
1321 1866 1352 1890 ,.

1266 230 1301 291 3
1321 234 1395 292 15

1272 296 1393 348 Inde
1418 319 1606 365 U2c.451.

981 345 1076 400 iam
1101 350 1227 406 datis
1244 393 1258 417 ,
1282 378 1392 429 pars
1414 370 1500 408 as.
1516 381 1603 413 μοι.

762 806 1003 865 persecuti
1022 851 1037 873 ‚
1073 822 1229 886 captis
1258 803 1374 894 qui-³

749 865 838 920 bus
854 870 1065 931 hostium
1082 922 1097 944 ‚
1126 904 1247 953 quas
1271 907 1374 947 tre-

973 1249 990 1271 ,
1023 1216 1167 1270 multi
1199 1224 1366 1294 super-

55 2038 259 2110 scriptis,
308 2055 484 2122 Itaque
524 2078 724 2131 propter
763 2086 849 2122 eos
888 2082 1130 2137 tumultus
1171 2090 1332 2146 dictus
1360 2095 1554 2180 &22²2ssss

55 2108 111 2157 Μ
329 2116 340 2126 ·
570 2128 578 2136 ”
781 2137 951 2195 'stator
980 2186 999 2210 ,
1046 2156 1327 2224 magistrum
1358 2188 1482 2231 aanor.

100 2234 126 2266 6
176 2231 454 2281 Monimentum
503 2248 663 2290 navalis
711 2257 921 2313 volumus,
950 2265 1001 2308 fic
1023 2272 1139 2326 supra
1169 2281 1327 2334 Livius,

46 2287 180 2343 pugna*
195 2313 204 2322 .
218 2314 230 2326 .
246 2316 257 2328 .
280 2291 426 2342 solen-m
459 2305 659 2343 certamine
711 2314 742 2348 Ι.
767 2323 829 2361 13.
855 2331 1130 2367 monumentum
1151 2333 1234 2380 eius
1249 2347 1329 2392 pu·

45 2345 227 2380 navtum.
245 2368 281 2382 ..
314 2358 530 2404 exercetur]
563 2360 654 2396 Ma·
702 2376 812 2416 gnae.
833 2397 843 2408 .
859 2397 870 2409 .
899 2376 1072 2420 Curtium
1103 2381 1225 2426 lacum
1252 2402 1327 2447 ap·

48 2388 108 2438 gis
133 2390 301 2442 placeret
327 2427 358 2458 ,ι
364 2400 514 2452 solenne
544 2421 661 2449 certa·
711 2417 914 2472 pellarunt.

47 2452 130 2479 men
145 2471 159 2491 ,
191 2459 234 2486 ut
258 2464 523 2498 montmentum
543 2464 657 2503 intel-

49 2491 198 2546 ligatur
212 2514 280 2552 per
299 2507 583 2559 appositionem
603 2517 663 2557 di·
777 2537 792 2563 1
829 2530 980 2586 Marsbs
996 2552 1123 2591 agrum
1141 2545 1187 2583 vi
1202 2550 1300 2589 tueri
1310 2581 1327 2602 ,

51 2546 172 2589 Qum.
193 2557 300 2595 Nam
321 2572 390 2601 nec
410 2566 507 2606 tecle
525 2570 666 2611 dicitur
719 2576 758 2615 in
805 2596 885 2621 uem
913 2588 1054 2630 coloma
1082 2598 1242 2650 Carseoli
1261 2603 1329 2642 de-

54 2605 321 2650 monimentum
366 2622 526 2660 exerceri
565 2639 578 2662 .·
624 2630 665 2666 &
719 2596 808 2671 du}

809 2650 832 2672 a
849 2650 930 2677 erat
950 2648 964 2692 ]
990 2645 1080 2686 Vid.
1104 2662 1189 2692 not.
1214 2667 1252 2696 2.
1273 2658 1325 2702 ad

57 2660 394 2716 quemadmodum
444 2675 521 2716 hoc
574 2679 665 2722 loco
720 2698 753 2726 c.
781 2698 794 2728 1

806 2717 815 2729 .
845 2691 974 2747 supra.

995 2754 1121 2823 Oij
