1669 3052
330 177 381 238 L
424 198 449 239 1
490 196 526 238 B
572 192 608 236 Ε
653 196 695 240 R
771 173 988 239 VIII.
1180 192 1301 254 195

22 260 168 317 Philo
196 260 452 312 consulatu
486 257 651 310 abiffet
675 298 690 322 ‚
730 276 818 326 pro
850 254 1048 309 consule
1080 271 1181 307 rem
1251 274 1301 307 e-
1323 272 1524 318 U.c.428.

25 343 155 380 reret
197 367 212 390 ‚
290 326 419 378 uoad
454 325 755 377 debellatum
790 343 906 376 cum
945 323 1129 375 Graecis
1167 340 1193 374 e
1233 339 1299 374 et.
1322 324 1514 365 a·C·³24·

28 398 82 446 L.
104 399 271 445 Corne
294 397 341 444 io
365 395 514 461 (quia
536 410 595 443 ne
619 410 733 443 eum
756 392 958 467 quidem
981 393 1030 441 in
1053 391 1302 442 Samnium

26 461 123 526 jam
154 459 415 528 ingreffum
447 459 668 515 revocari
692 458 750 508 ab
775 473 961 527 impetu
989 456 1108 508 belli
1143 457 1305 524 place-

27 526 152 589 bat)
181 528 352 578 litterae
383 525 551 586 miffae,
584 540 640 575 ut
669 524 959 575 diffatorem
986 525 1304 577 comitiorum

27 593 176 644 caus&
206 593 408 644 diceret.
436 592 560 642 dixit
593 595 662 640 M.
694 590 963 641 Claudium
993 591 1301 644 Marcellum.
1339 612 1399 648 M.
1412 610 1526 646 elau-

29 660 90 711 ab
118 676 179 710 eo
210 659 429 727 magister
461 657 687 726 equitum
715 657 982 732 dierusssp.
1007 657 1303 710 Postumius.
1323 659 1399 694 dius
1430 659 1489 694 ‘1¹'-

31 731 142 776 Nec
176 740 336 776 tamen
367 725 427 776 ab
456 724 693 776 dielatore
725 724 925 775 comitia
959 725 1068 774 sunt
1100 724 1269 777 habita
1289 764 1305 788 ‚

20 792 147 861 -quia
178 792 365 844 vitione
401 806 595 843 creatus
631 788 746 842 esset
779 828 794 851 ,
839 790 887 840 in
922 790 1307 855 disquisitionem

29 858 184 912 venit.
214 858 425 910 consulti
451 873 660 926 augures
676 896 692 920 ,
713 857 941 909 vitiosum
974 857 1131 909 videri
1161 858 1308 911 dista-

33 942 195 976 torem
215 925 682 995 pronunciaverunt.
704 929 818 976 Eam
838 941 937 975 rem
957 924 1140 976 tribuni
1157 927 1310 996 suspe-

33 992 162 1043 &am
196 992 528 1059 infamemque
563 990 865 1042 criminando
897 990 1141 1043 fecerunt.
1186 1003 1310 1043 Nam

32 1078 176 1127 neque
193 1060 343 1126 facile
365 1059 498 1126 fuzffie
527 1061 577 1107 id
609 1061 782 1109 vitium
813 1061 961 1123 nosci,
986 1077 1125 1125 quum
1157 1059 1310 1124 consul

37 1134 54 1167 3
91 1129 239 1176 oriens
273 1128 396 1176 nocie
431 1135 456 1167 4
473 1124 658 1192 stlentio
692 1127 1160 1175 diceret.di5iatorem
1182 1148 1195 1174 .·
1225 1144 1308 1175 ne-

29 1211 120 1259 que
159 1195 214 1244 ab
250 1192 427 1258 consule
460 1193 675 1259 cuiquam
703 1191 888 1260 publice
921 1195 1216 1260 privatimve
1256 1195 1310 1242 de

33 1277 87 1310 ea
106 1262 393 1328 rescriptum
415 1259 491 1326 effe
509 1281 524 1308 .·
548 1278 626 1309 nec
649 1277 920 1327 quemquam
944 1259 1209 1309 mortalium
1235 1278 1311 1309 ex-

19 1328 182 1392 stare,
206 1330 290 1393 qui
307 1329 360 1393 se
384 1326 543 1395 vidiae
570 1343 648 1376 aut
679 1327 843 1393 audiſje
875 1328 988 1393 quid
1017 1328 1168 1383 dicat,
1191 1329 1312 1393 quod

32 1396 286 1461 auspicium
310 1396 546 1444 dirimeret
567 1416 581 1442 :
604 1410 747 1460 neque
769 1412 965 1459 augures
990 1394 1205 1442 divinare
1224 1401 1333 1452 Ros

34 1478 118 1511 moe
134 1462 338 1526 sedentes
355 1460 541 1528 potutffe
559 1496 575 1518 ,
599 1463 712 1527 quid
734 1462 782 1509 in
810 1461 967 1523 eastris
994 1460 1165 1523 consuli
1191 1462 1313 1510 vitii

34 1528 291 1596 obveniffet.
328 1529 418 1577 Cui
453 1546 538 1576 non
573 1541 820 1595 apparere,
843 1526 961 1593 quod
992 1525 1200 1592 plebeius
1233 1529 1312 1576 di-

36 1595 184 1644 stator
213 1595 309 1662 fit,
336 1596 386 1643 id
427 1596 600 1642 vitium
647 1597 900 1659 auguribus
948 1595 1098 1656 vifiaem
1132 1595 1156 1642 ?
1197 1596 1316 1644 Haec

35 1660 227 1728 aliaque
253 1660 312 1711 ab
335 1659 545 1711 tribunis
564 1676 622 1709 ne
663 1661 895 1729 uicquam
917 1659 1088 1724 jaftata
1110 1677 1121 1710 ε
1149 1674 1315 1711 tamen

38 1726 101 1777 ad
128 1728 461 1795 interregnum
485 1743 561 1777 res
584 1744 633 1777 re
674 1727 710 1778 it
733 1746 744 1778 :
769 1727 1025 1794 dilatisque
1049 1726 1136 1776 alia
1161 1741 1314 1794 atque

39 1793 133 1844 alia
155 1792 214 1844 de
235 1796 373 1845 causa
395 1793 614 1844 comitiis
631 1833 645 1853 ‚
666 1793 1089 1862 quartusdecimus
1113 1793 1314 1845 demum

39 1859 256 1913 interrex
292 1860 477 1912 Lucius
516 1860 742 1912 AEmilius
778 1860 1001 1913 consules
1041 1875 1174 1911 creat
1200 1900 1218 1924 ,
1249 1864 1317 1915 C.

99 2048 114 2083 3
152 2036 286 2074 Oriens
314 2034 448 2087 nutele]
486 2040 647 2089 surgens
754 2049 781 2086 4
805 2035 991 2086 Silentia]
1015 2034 1168 2074 Silentio
1187 2033 1314 2088 firi-ge-

40 2090 166 2129 Ὡοᾶε.
195 2092 344 2129 Etenim
368 2093 398 2128 is
428 2093 495 2143 qui
523 2091 648 2142 auspi·
701 2104 739 2129 re
777 2105 890 2145 quum
927 2090 1062 2128 dicitur
1093 2119 1104 2139 ‚
1134 2088 1319 2141 siguificat

18 2155 195 2183 staturus
223 2156 334 2192 erat,
366 2142 450 2196 post
476 2144 650 2183 mediam
705 2158 775 2182 non
791 2141 1018 2198 interpellari
1032 2146 1226 2198 quominus
1240 2157 1317 2181 rem

42 2198 198 2236 noetem
226 2197 421 2250 surgebat.
451 2198 552 2236 Oriri
578 2210 647 2236 au-
701 2207 806 2250 gerat
826 2229 835 2245 ,
859 2201 984 2248 inquit
1009 2195 1128 2234 Festus
1158 2199 1197 2233 in
1220 2210 1318 2235 voce

42 2261 123 2289 tem
146 2251 248 2303 apud
268 2263 412 2290 veteres
439 2251 650 2303 usurpaba-
708 2249 914 2304 Sinistrum.
943 2249 1113 2289 Sollicite
1131 2250 1318 2302 provide-

41 2315 105 2343 tur
129 2318 202 2357 pro
216 2303 378 2357 surgere.
403 2304 584 2343 Ceterum
605 2305 652 2343 li-
708 2304 803 2343 bant
817 2307 844 2343 ii
857 2308 923 2357 qui
940 2307 983 2343 in
999 2306 1171 2356 auspicio
1182 2315 1321 2351 erant,

47 2358 182 2397 benter
216 2357 430 2411 legeremus
461 2359 578 2397 oriens
609 2358 655 2396 de
707 2371 754 2397 ne
785 2359 878 2411 quid
909 2356 1083 2411 strepitus
1120 2360 1319 2405 oriretur,

43 2410 147 2450 noue
160 2437 172 2457 ‚
200 2411 436 2451 ufitatiffima
455 2411 558 2464 apud
584 2416 654 2450 La·
710 2414 817 2464 quod
831 2413 998 2464 auspicia
1013 2412 1202 2450 turbaret.
1219 2413 1322 2449 Hinc

46 2467 150 2503 rinos
179 2464 365 2517 loquendi
392 2464 537 2505 formai.
571 2469 653 2504 Ho-
703 2465 894 2516 filentium
933 2466 1074 2505 dicitur
1118 2468 1156 2504 in
1196 2464 1323 2516 auspi-

47 2530 123 2557 rat.
148 2523 180 2557 I.
200 2521 266 2571 Ep.
292 2532 329 2557 2.
352 2532 392 2559 v.
422 2531 485 2567 32.
504 2519 657 2574 surgunt
712 2521 780 2558 ciis
796 2547 808 2568 ‚
835 2520 941 2573 quod
958 2523 1071 2559 omni
1087 2522 1186 2558 vitio
1203 2530 1324 2557 caret.

48 2571 94 2610 de
123 2570 227 2610 noue
258 2570 432 2611 latrones.
469 2577 550 2613 Cic.
586 2586 659 2626 pro
714 2572 806 2611 Vid.
851 2577 892 2613 &
926 2576 1009 2613 Cic.
1050 2577 1103 2612 11.
1145 2572 1192 2612 de
1231 2574 1324 2614 Div.

49 2629 220 2720 Mu‘qaen.
239 2638 278 2666 n.
299 2638 363 2666 22.
386 2626 544 2682 Vigiles
564 2637 606 2668 tu
624 2625 669 2667 de
719 2639 762 2667 n.
786 2638 853 2675 71.

32 2693 102 2720 426
143 2694 174 2722 e·

1017 2732 1110 2802 Iij

1324 708 1447 747 stator.
