1680 3110
118 229 308 275 U·c.42<.

115 279 202 315 a.C.
221 291 308 323 327·

318 130 447 193 '188
719 134 791 196 T.
889 137 1254 205 L12v11

323 213 436 264 dem
468 231 594 266 anno
625 218 883 268 Privernas
912 219 1096 272 bellum
1128 224 1338 278 initum:
1363 226 1502 293 cujus
1529 227 1605 278 sod

325 280 388 330 cii
420 281 634 331 Fundani
655 319 669 342 ,
695 283 795 333 dux
820 285 965 336 etiam
989 289 1245 341 Fundanus
1268 293 1363 343 fuit
1382 294 1600 353 ‚Vitru-

163 324 295 360 Bellum
362 347 370 355 ·

114 370 259 408 Pri-ver.

115 428 192 459 nas,

116 1221 212 1257 Vidi
223 1223 297 1258 Pri-

104 1281 285 1313 vernates.

323 365 433 398 vius
470 353 664 398 Vaccus
687 389 698 409 ‚
730 350 807 401 vir
836 369 934 402 non
964 352 1099 404 domi
1123 356 1311 420 solum,
1338 360 1419 410 sed
1449 360 1599 411 etiam

321 416 486 463 Romae
510 413 687 468 clarus,
716 417 840 468 aedes
874 418 1013 470 fuere
1040 421 1090 471 in
1118 423 1306 474 Palatio
1328 426 1463 490 ejus,
1491 443 1600 494 quae

319 481 612 547 Vacciprata
641 519 657 542 ‚
697 482 862 535 diruto
895 486 1100 539 aedificio
1137 490 1490 560 publicatoque
1523 494 1600 544 so*-

317 543 370 594 lo
386 584 401 607 ,
428 547 678 616 appellata.
705 550 955 603 Adversus
975 553 1108 606 hunc
1128 595 1142 616 ‚
1166 556 1428 608 vastantem
1446 558 1601 613 effuse

319 612 544 663 Setinum
580 616 969 687 Norbanumque
1008 624 1062 672 &
1101 626 1355 674 Coranum
1393 640 1600 690 agrurn,

317 680 373 728 L.
399 680 619 749 Papirius
643 683 893 749 profestus
909 725 923 746 ‚
956 686 1086 738 haud
1113 691 1285 756 procul
1309 691 1471 743 castris
1494 691 1600 758 ejus

315 748 553 798 consedit.
581 749 818 801 Vitruvio
839 790 853 812 ,
880 768 970 802 nec
1002 769 1058 804 ut
1080 755 1210 806 vallo
1234 759 1280 806 se
1301 771 1491 809 teneret
1515 757 1599 809 ad·
1672 791 1675 794 -

313 813 485 864 versus
506 814 795 867 validiorem
819 818 1003 869 hostem
1026 858 1039 880 ,
1067 822 1173 872 sana
1191 823 1405 875 constare
1427 843 1561 876 mens
1578 864 1596 888 ,

311 894 406 930 nec
434 896 487 931 ut
508 880 702 950 longius
729 884 754 935 τὶ
781 884 942 936 castris
963 887 1220 939 dimicaret
1237 929 1252 950 ‚
1275 890 1464 942 animus
1487 894 1598 959 sup-

311 961 498 1012 petere.
528 949 610 999 vix
642 950 747 1000 tot&
776 966 911 1003 extra
934 967 1125 1021 portam
1154 957 1419 1009 castrorum
1441 959 1600 1028 expli·

314 1012 424 1063 cata
457 1017 561 1066 acie
583 1055 597 1077 ,
633 1016 803 1085 fugam
839 1020 1163 1087 magis·retro
1194 1023 1346 1092 quem
1380 1026 1598 1092 praelium
1664 1037 1680 1042 ⁶

312 1095 398 1130 aut
428 1081 616 1133 hostem
646 1084 889 1153 speetante
913 1086 1069 1138 milite
1086 1127 1101 1150 ‚
1127 1088 1223 1140 fine
1247 1091 1475 1155 confili0‚
1498 1092 1595 1144 fine

313 1145 514 1199 audacia
547 1148 830 1218 depugnat3
859 1156 938 1214 δε,
967 1168 1022 1205 ut
1051 1154 1149 1207 levi
1180 1174 1432 1209 momento
1453 1199 1469 1220 ,
1499 1176 1593 1210 nec

317 1215 546 1283 ambigue
577 1217 644 1267 est
670 1218 856 1282 vistim,
879 1220 946 1270 ita
968 1220 1208 1274 brevitate
1234 1224 1337 1293 ipsa
1359 1226 1456 1276 loci
1475 1265 1490 1286 ,
1516 1226 1592 1276 fa-

315 1279 500 1350 cilique
525 1299 728 1352 receptu
751 1286 801 1337 in
823 1301 922 1336 tam
943 1289 1220 1357 propinqua
1244 1291 1389 1343 castra
1408 1329 1425 1353 ‚
1460 1292 1594 1345 haud

313 1363 438 1415 aegre
477 1348 681 1401 militem
719 1352 745 1402 ἐι
777 1353 932 1404 multa
964 1354 1093 1405 caede
1130 1356 1197 1407 est
1234 1372 1424 1410 tutatus
1459 1378 1470 1409 ε
1501 1377 1594 1412 nec

310 1414 415 1465 fere
440 1417 696 1485 quisquam
725 1418 773 1469 in
796 1419 897 1488 ipso
922 1422 1186 1473 certamine
1207 1462 1221 1485 ‚
1243 1426 1385 1492 pauci
1409 1427 1460 1477 in
1485 1440 1589 1478 tur-

310 1482 372 1533 ba
401 1481 529 1549 fugae
552 1500 777 1536 extremae
795 1524 810 1546 ‚
833 1505 988 1554 quum
1010 1488 1058 1538 in
1084 1489 1229 1541 castra
1254 1507 1478 1553 ruerent,
1505 1512 1593 1545 cae-

310 1548 342 1599 fi
366 1567 377 1599 τ
400 1550 664 1618 primisque
693 1554 906 1604 tenebris
931 1555 1223 1608 Privernum
1245 1558 1360 1609 inde
1381 1561 1592 1628 petitum

309 1616 503 1682 agmine
538 1618 730 1686 trepido
751 1659 767 1682 ‚
805 1635 861 1671 ut
895 1621 1045 1672 muris
1083 1624 1246 1688 potius
1279 1626 1429 1692 quem
1459 1628 1591 1680 vallo

307 1683 407 1732 sese
445 1698 738 1736 tutarentur.
794 1690 837 1736 A
880 1687 1118 1739 Priverno
1160 1690 1381 1742 Plautius
1413 1733 1428 1753 ‚
1467 1694 1590 1746 alter

308 1746 515 1812 consul,
550 1753 831 1818 pervastatis
861 1753 1024 1820 paffim
1059 1755 1184 1822 agris
1217 1759 1473 1827 praedfique
1507 1761 1590 1810 ab·

305 1814 443 1876 astri,
472 1817 521 1866 in
554 1833 723 1884 agrum
758 1819 1038 1871 Fundanum
1073 1826 1346 1876 exercitum
1374 1826 1586 1881 inducit.

306 1884 611 1949 Ingredienti
633 1884 750 1936 fines
776 1888 965 1937 senatus
986 1888 1324 1942 Fundanorum
1349 1895 1586 1948 occurrit.

305 1965 487 2015 negant
500 1954 551 2015 ste
565 1966 649 2018 pro
673 1956 889 2002 Vitruvio
903 1956 1165 2023 festamque
1189 1966 1282 2018 ejus
1293 1962 1466 2024 secutis
1482 1975 1586 2028 prc-

305 2033 459 2065 catum
489 2019 878 2085 v5123'ſje,fhdpr‘o
910 2024 1115 2071 Fundano
1131 2025 1324 2091 populo,
1348 2045 1483 2092 quem
1512 2047 1593 2078 ex·-

304 2099 379 2131 ινα
404 2083 585 2150 culpam
618 2085 733 2134 belli
761 2087 838 2152 effe
869 2089 1014 2154 ipsum
1046 2093 1316 2140 Vitruvium
1334 2095 1580 2160 judicaffi’,
1649 2116 1651 2118 ¹

303 2166 446 2215 quum
487 2152 821 2218 receptaculum
850 2156 981 2218 fugae
1018 2158 1293 2206 Privernum
1340 2161 1582 2217 habuerit,

302 2234 387 2264 non
404 2219 610 2283 patriam
634 2222 823 2269 Fundos.
853 2222 1073 2270 Priverni
1093 2225 1246 2289 igitur
1268 2226 1403 2288 hostes
1424 2225 1584 2293 populi

301 2286 497 2331 Romani
512 2288 770 2350 quaerendos
784 2289 1194 2354 persequendosque
1216 2291 1293 2356 effe
1309 2327 1325 2348 ,
1347 2295 1432 2358 qui
1438 2294 1583 2358 fimul

301 2350 329 2397 ἁ
359 2352 587 2400 Fundanis
616 2371 669 2400 ac
701 2356 913 2402 Romanis
931 2389 946 2411 ,
978 2361 994 2393 3
1033 2358 1267 2422 utriusque
1293 2361 1460 2424 patria:
1490 2363 1583 2409 im-

297 2432 516 2466 memores
541 2453 558 2479 ,
601 2420 864 2484 defecerint.
906 2422 1134 2470 Fundanis
1160 2437 1320 2490 pacem
1360 2426 1435 2492 effi’
1461 2461 1478 2482 ,
1520 2427 1580 2482 θ’

358 2537 372 2571 3
421 2526 628 2580 Utriusque
663 2528 824 2580 patriae]
868 2532 911 2567 Et
966 2541 1076 2569 erant
1102 2557 1114 2578 ,
1146 2532 1174 2569 ii
1205 2535 1380 2572 Romam
1407 2535 1578 2584 patriam

299 2576 538 2626 Fundorum,
557 2581 596 2619 &
615 2584 767 2619 Romae.
785 2586 912 2628 Quot·
965 2584 1178 2623 habebant.
1214 2586 1281 2624 Sed
1309 2588 1336 2623 ii
1363 2589 1429 2638 qui
1448 2588 1576 2627 nasce-

298 2641 395 2683 quot
440 2634 544 2673 enim
593 2636 692 2674 cives
738 2638 912 2677 Romani
967 2637 1107 2678 bantur
1138 2642 1178 2678 in
1208 2641 1453 2693 municipiis,
1475 2640 1572 2680 alre-
