1669 3052
365 137 418 199 L
460 154 484 197 1
532 150 571 196 Β
614 148 652 193 Ε
693 149 738 193 R
812 121 1015 190 VIII.
1202 122 1333 197 '189'

65 224 238 281 animos
271 228 519 276 Romanos,
543 216 602 270 (μ’
630 227 816 281 gratam
849 206 1111 259 memoriam
1142 215 1334 268 acceptae
1357 216 1549 259 U.C·42<.‘

69 291 302 345 civitatis.
341 295 484 337 Orare
495 285 547 349 se
569 279 788 345 consulem
805 312 821 335 ,
845 292 895 325 ut
916 271 1087 324 bellum
1113 270 1168 318 ab
1200 270 1334 318 inno·
1358 266 1442 303 ³·C·
1460 273 1550 306 327·

71 363 145 411 xio
169 354 334 425 populo
366 353 581 417 abstineat
602 370 617 396 .·
641 363 773 413 agros
789 379 805 401 ,
835 345 990 392 urbem
1007 373 1023 396 ,
1056 351 1238 403 corpora
1261 336 1339 401 ip-

65 428 220 492 Jbrum
237 459 252 481 ,
281 428 605 486 conjugumque
628 433 682 462 ac
702 411 950 461 ¹liberorum
962 408 1147 470 suorum
1159 437 1175 459 ,
1197 403 1248 451 in
1260 414 1342 468 po-

27 530 30 532 -
75 493 230 554 testate
246 487 407 556 populi
427 481 616 533 Romani
641 477 717 544 effe
732 478 1003 540 futuraque.
1036 465 1345 520 Collaudatis

74 555 346 615 Fundanis,
380 546 549 601 consul
573 582 589 606 ,
615 542 890 608 litterisque
927 539 1129 587 Romam
1165 534 1346 591 missis,

74 625 129 675 in
160 620 322 674 officio
353 614 608 668 Fundanos
638 608 732 660 effe
752 644 767 668 ‚
800 607 859 658 ad
887 604 1177 654 Privernum
1210 600 1348 651 flexit

78 689 189 741 iter.
235 682 375 737 Prius
410 676 793 733 animadversum
831 671 881 722 in
917 686 1032 729 e05,
1062 668 1147 735 qui
1191 665 1350 733 capita

80 750 434 821 conjurationis
459 747 651 798 fuerant
669 781 682 802 ‚
710 741 736 791 a
755 736 956 788 consule
978 734 1143 785 scribit
1162 744 1185 777 4
1202 736 1357 783 Clau·

81 823 226 873 dius:
253 818 312 870 ad
340 827 586 868 trecentos
613 803 968 876 quinquaginta
994 817 1053 851 ex
1085 798 1354 863 conjuratis

83 887 276 956 vinstos
299 888 499 935 Romam
524 876 683 928 missos
709 892 720 923 ι
743 886 949 936 eamque
972 866 1272 918 deditionem
1295 863 1355 915 ab

83 959 254 1007 senatu
290 968 386 1004 non
419 958 667 1012 acceptam
694 978 709 1001 ‚
746 938 886 1008 quod
920 932 1171 1002 egentium
1206 947 1357 999 atque
1414 962 1416 964 v

86 1019 351 1073 humilium
381 1012 532 1085 poena
563 1007 768 1073 defungi
799 1002 928 1056 velle
959 1001 1240 1052 Fundanum
1271 1015 1361 1066 po-

89 1088 264 1157 pulum
296 1079 588 1133 censuerint.

159 1157 257 1204 XX.
289 1149 579 1200 Privernum
601 1140 795 1192 duobus
818 1133 1152 1187 consularibus
1170 1128 1361 1181 exerci-
1427 1143 1576 1180 priver-

93 1221 229 1272 tibus
254 1234 410 1287 quum
434 1211 731 1265 obsideretur
747 1245 762 1267 ‚
788 1205 913 1254 alter
935 1199 1105 1253 consul
1127 1198 1360 1249 comitio-
1385 1204 1462 1226 ”um
1496 1186 1576 1233 ⁰²⁹sf·

92 1305 204 1340 rum
226 1284 373 1336 causa
400 1285 604 1333 Romam
627 1287 905 1326 revocatuS.
941 1271 1179 1318 Carceres
1200 1282 1261 1315 eo
1282 1281 1366 1314 an·
1484 1266 1496 1277 “

95 1371 163 1406 no
193 1353 247 1403 in·
272 1352 408 1401 circo
437 1343 646 1418 primum
678 1338 856 1392 statuti.
895 1335 1132 1387 Nondum
1171 1330 1369 1400 perfun-

30 1460 36 1465 ,
95 1418 355 1472 &ostenta
389 1409 684 1467 Privernatis
716 1406 872 1465 belli,
913 1398 1153 1454 tumultus
1189 1397 1369 1448 Gallici

97 1487 227 1539 fama
246 1498 387 1535 atrox
408 1479 577 1533 invasit
592 1517 607 1540 ‚
629 1473 762 1526 haud
785 1471 938 1522 ferme
962 1484 1178 1534 unquam
1203 1465 1368 1531 negle-

99 1555 177 1606 &a
206 1550 449 1603 Patribus».
490 1541 748 1617 Extemplo
780 1539 930 1607 igitur
964 1533 1190 1586 consules
1222 1531 1374 1598 novi,

100 1625 155 1673 L.
185 1618 410 1670 AEmilius
443 1618 801 1665 MamercinuS,
836 1607 886 1655 δι
918 1605 984 1655 C.
1017 1600 1237 1652 Plautius
1261 1636 1275 1658 ‚
1313 1615 1373 1649 eo
1397 1621 1589 1662 Usum„

100 1688 209 1758 ipso
240 1685 320 1736 die
348 1679 572 1734 Kalendis
606 1672 920 1741 Quintilibus
944 1709 956 1730 ,
995 1687 1096 1737 quo
1129 1665 1372 1733 magistra·
1398 1669 1481 1705 a-C·
1503 1671 1591 1716 ³225·

103 1769 214 1813 tum
250 1751 464 1802 inierunt
488 1787 503 1810 ‚
542 1758 822 1811 comparare
859 1739 984 1788 inter
1021 1737 1067 1785 se
1100 1732 1376 1802 provincias
1399 1714 1590 1798 lfo'fflffin‘

104 1820 212 1889 juffi
246 1837 258 1869 ι
297 1821 347 1869 δε
385 1811 710 1867 Mamercinus
735 1846 750 1870 ‚
785 1805 866 1857 cui
905 1802 1151 1854 Gallicum
1195 1800 1379 1849 bellum
1402 1813 1447 1864 c.
1479 1804 1594 1853 Plau·

107 1899 339 1939 evenerat
367 1922 383 1945 ‚
425 1881 633 1932 scribere
671 1873 943 1926 exercitum
975 1869 1070 1919 fine
1105 1867 1201 1917 uila
1238 1883 1379 1917 vaca·
1404 1869 1460 1896 ‘¹0
1474 1848 1582 1893 coss-

108 1953 258 2004 tionis
279 1950 436 2003 venia.
461 1947 580 2016 quin
609 1941 842 2012 opificum
876 1952 1078 2005 quoque
1102 1933 1309 2000 vulguS,
1333 1935 1384 1984 &

109 2018 338 2071 sellularii
354 2055 370 2077 ‚
396 2012 595 2065 minime
617 2008 799 2060 militiae
829 2004 1060 2055 idoneum
1089 2017 1244 2069 genus
1262 2039 1278 2061 ,
1300 2016 1387 2050 ex-

112 2087 201 2138 citi
236 2085 498 2135 dicuntur:
518 2078 766 2152 Veiosque
798 2075 970 2139 ingens
1001 2068 1247 2119 exercitus
1272 2083 1388 2116 con-

114 2151 297 2204 tractus
315 2190 331 2212 ‚
353 2164 411 2201 ut
444 2146 555 2198 inde
584 2143 785 2196 obviam
814 2137 967 2188 Gallis
998 2136 1167 2187 iretur.
1195 2130 1390 2200 longius

115 2218 333 2275 discedi,
358 2233 416 2267 ne
440 2214 536 2266 alio
560 2212 731 2263 itinere
752 2205 902 2259 hostis
924 2202 1115 2254 falleret
1136 2201 1195 2251 ad
1220 2200 1394 2250 urbem

116 2283 352 2340 incedens
388 2321 404 2345 ,
450 2296 550 2334 non
590 2276 792 2348 placuit.
843 2274 1035 2322 Paucos
1073 2266 1250 2320 deinde
1290 2263 1398 2334 post

123 2434 212 2462 ram
239 2431 394 2474 quoque
413 2415 583 2469 patriam
611 2410 732 2449 habe-
791 2408 867 2447 rius
883 2435 894 2454 ,
924 2403 1084 2458 aequalis
1112 2404 1272 2443 Sisennae
1291 2427 1304 2448 ‚
1327 2410 1398 2437 au-

120 2477 218 2515 bant
236 2503 248 2522 ‚
276 2485 412 2524 nempe
431 2481 518 2509 eam
536 2466 674 2506 urbem
694 2467 735 2502 in
790 2463 895 2499 &ore
932 2459 1086 2498 Velleio
1112 2487 1124 2506 ‚
1164 2461 1214 2494 Π.
1259 2467 1295 2499 9.
1332 2452 1400 2504 qui

123 2542 205 2582 qua
231 2529 316 2566 nati
340 2536 462 2563 erant.
792 2513 955 2568 proinde
1009 2509 1188 2551 floruerit
1238 2506 1402 2560 Syllanis

182 2596 210 2628 4
235 2578 450 2628 Claudius]
487 2577 562 2615 Hic
589 2571 740 2612 videtur
794 2566 1049 2620 temporibus.

130 2632 204 2676 esse
226 2639 279 2682 Q.
310 2631 495 2672 Claudius
517 2626 740 2679 Quadriga-
