1680 3110
0 232 24 260 ,
52 210 101 245 υ.

52 266 89 294 a·

107 219 137 247 C.

105 258 145 295 C.

248 123 390 206 3¹3
683 123 769 189 T.
855 124 906 187 L
951 145 972 187 1
1017 148 1060 190 v
1101 148 1123 190 1
1167 147 1190 191 1

152 220 244 304 Ξιὲζ·
265 205 565 258 concitatior
584 207 815 258 accidens
834 207 1018 258 clamor
1039 210 1099 259 ab
1119 207 1419 264 increscente
1442 226 1557 269 cerr

266 274 467 326 tamine.
507 277 697 340 Urgent
738 273 907 342 itaque
949 273 1029 325 alii
1064 274 1185 327 alios
1214 315 1228 337 ,
1266 278 1546 331 hortantur-

265 357 369 409 que
404 337 658 406 figniferos
679 378 697 402 ,
734 354 793 390 ut
823 339 964 392 ocius
995 356 1127 395 eant.
1161 359 1262 410 quo
1289 347 1441 414 magis
1472 346 1545 397 fe-

262 408 496 460 stinantes
532 404 670 458 videt
705 405 915 458 dictator
937 446 954 469 ‚
995 418 1056 458 eo
1090 408 1346 478 impensius
1383 427 1545 463 reten-

265 487 343 525 tat
383 485 590 538 agmen,
622 489 678 524 ac
721 473 887 525 sensim
927 473 1154 526 incedere
1202 476 1358 544 jubet.
1405 482 1549 529 Etru-

271 539 342 592 sci
365 539 574 600 contra,
601 551 618 575 ¹
647 541 890 610 principio
917 541 1066 593 exciti
1093 557 1266 611 pugnae
1284 582 1298 604 ,
1322 545 1553 596 omnibus

269 606 438 675 copiis
464 605 696 657 aderant:
719 610 775 659 &
803 611 946 678 sup-er
973 609 1094 659 alios
1115 609 1197 660 alii
1225 610 1459 662 nunciant
1481 611 1555 662 di-

279 673 456 725 &amri
478 712 493 735 ‚
526 691 699 725 omnes
729 674 949 744 legiones
976 678 1289 728 Etruscorum
1318 677 1557 746 capeffiffe

279 756 497 809 pugnam
516 779 533 802 ‚
558 758 649 792 nec
679 741 776 806 jam
804 742 864 794 ab
895 744 990 793 suis
1023 742 1165 794 refisti
1194 743 1325 812 posse
1346 763 1357 796 ι
1382 748 1433 797 δε
1459 745 1559 812 ipse

279 807 443 858 cernit
466 825 528 859 ex
553 808 799 874 superiore
827 809 940 860 loco
959 848 973 870 ,
1002 809 1049 859 in
1075 825 1261 878 quanto
1283 810 1563 863 discrimine

281 873 552 944 praesidium
575 872 705 928 effer.
729 875 969 927 Ceterum
992 877 1101 927 satis
1121 877 1277 928 fretus
1299 877 1390 931 effe
1414 879 1562 932 etiam

282 959 420 994 nunc
445 941 702 993 tolerando
726 943 980 995 certamini
1000 943 1215 1011 legatum
1233 983 1249 1006 ,
1270 962 1361 995 nec
1385 946 1429 995 se
1451 964 1563 1014 pro-

284 1008 371 1060 cul
408 1008 564 1060 abeffe
602 1009 810 1086 periculi
847 1010 1094 1064 vindicem
1118 1050 1134 1073 ‚
1171 1011 1322 1081 quam
1357 1010 1568 1063 maxim&

288 1076 400 1129 vult
423 1075 615 1143 fatigari
644 1077 863 1140 hostem,
890 1092 946 1129 ut
981 1078 1183 1145 integris
1215 1078 1464 1130 adoriatur
1494 1078 1568 1130 vi-

292 1143 433 1195 ribus
460 1141 619 1195 feffos.
660 1148 961 1214 Quanquam
985 1144 1119 1196 lente
1140 1144 1448 1215 procedunt,
1472 1146 1569 1212 jam

293 1225 461 1260 tamen
498 1211 558 1262 ad
592 1210 831 1279 impetum
871 1211 1162 1281 capiendum
1188 1212 1356 1280 vequiti
1393 1213 1572 1281 utique

292 1276 549 1328 modicum
576 1293 681 1329 erat
704 1279 927 1347 spatium.
951 1279 1103 1347 prima
1126 1279 1418 1330 incedebant
1441 1279 1572 1347 signa

292 1344 551 1411 legionum
569 1383 584 1406 ,
609 1361 670 1395 ne
700 1345 823 1413 quid
857 1345 1112 1397 occultum
1141 1360 1225 1397 aut
1261 1347 1573 1414 repentinum

294 1409 449 1462 hostis
479 1411 712 1463 timeret:
745 1412 827 1465 sed
860 1412 1126 1481 reliquerat
1159 1413 1412 1465 intervalla
1445 1414 1576 1465 inter

293 1478 496 1532 ordines
529 1478 753 1546 peditum
785 1519 801 1542 ,
846 1478 944 1548 qua
980 1479 1090 1529 satis
1126 1478 1237 1530 laxo
1273 1480 1425 1549 spatio
1459 1481 1576 1549 equi

292 1545 517 1617 permitti
555 1545 759 1614 possent.
799 1557 821 1582 2
863 1545 1052 1597 Pariter
1093 1546 1279 1598 sustulit
1312 1546 1580 1600 clamorem

297 1612 431 1666 acies
449 1650 462 1672 ‚
487 1615 538 1664 δέ
566 1611 759 1664 emiffus
790 1631 942 1681 eques
971 1614 1127 1663 libero
1152 1615 1295 1665 cursu
1317 1614 1366 1664 in
1387 1614 1579 1666 hostem

299 1679 556 1731 invehitur
579 1718 593 1741 ,
636 1689 652 1722 3
692 1679 1119 1748 incompositisque
1157 1679 1387 1732 adversus
1426 1698 1583 1749 eque-

301 1746 445 1798 strem
494 1745 761 1814 procellam
811 1747 1026 1807 subitum
1069 1764 1300 1813 pavorem
1353 1745 1582 1799 offundit.

300 1817 481 1881 Itaque
515 1829 570 1864 ut
603 1831 755 1882 prope
778 1815 937 1865 serum
966 1814 1206 1865 auxilium
1227 1813 1320 1878 jam
1344 1814 1468 1881 pene
1493 1816 1583 1866 cir-

301 1879 584 1932 cumventis
602 1919 617 1942 ,
639 1880 707 1931 ita
738 1882 961 1934 universa
991 1881 1187 1949 requies
1217 1881 1327 1936 data
1351 1880 1433 1934 est.
1460 1881 1589 1934 inte-

303 1947 380 2015 gri
410 1964 643 2011 accepere
676 1963 888 2015 puffnam
908 1967 919 1998 ε
942 1965 1032 1998 nec
1064 1965 1119 1998 ea
1153 1948 1250 2016 ipsa
1284 1946 1429 2015 longa
1450 1989 1467 2010 ‚
1500 1962 1586 2001 aut

305 2031 487 2080 anceps
515 2015 627 2066 fuit.
661 1987 775 2066 Fufi3
795 2014 956 2066 hostes
984 2015 1130 2065 castra
1164 2028 1422 2083 repetunt,
1455 2015 1588 2067 infe-

306 2082 626 2149 rentibusque
657 2081 750 2145 jam
785 2081 912 2150 signa
947 2081 1173 2131 Romanis
1208 2081 1426 2142 cedunt,
1456 2085 1506 2132 δε
1540 2083 1592 2133 in

307 2147 533 2199 ultimam
562 2147 1041 2216 castrorum-partem
1069 2148 1449 2216 conglobantur.
1485 2152 1593 2199 Hae·

310 2230 422 2267 rent
451 2213 698 2283 fugientes
723 2215 774 2265 in
796 2215 1024 2284 angustiis
1046 2230 1327 2284 portarum:
1352 2231 1461 2286 pars
1485 2234 1590 2267 ma·

368 2372 384 2399 1
421 2361 607 2416 Principso
627 2363 743 2402 exciti
762 2370 920 2419 pugna]
1016 2376 1031 2410 3
1055 2361 1355 2417 Incompofitis...
1371 2363 1558 2405 adversas
1576 2372 1593 2417 ]

314 2418 516 2468 Principio
563 2415 692 2455 statim
728 2430 867 2469 pugnae
906 2418 928 2457 ὰ
984 2421 1119 2463 Quum
1177 2416 1425 2469 incompositi
1479 2417 1598 2460 essent

315 2471 391 2507 suis
409 2467 700 2510 insidiatoribus
714 2469 930 2511 commiffae
984 2483 1062 2523 prae
1080 2469 1221 2509 ardore
1237 2472 1434 2523 pugnandi
1451 2501 1462 2519 ‚
1482 2486 1599 2526 atque

318 2525 434 2561 exciti
457 2522 478 2561 ὲ
502 2523 647 2562 castris.
677 2532 682 2536 “
986 2523 1083 2563 adeo
1115 2526 1299 2576 imparati
1327 2525 1375 2563 ad
1405 2529 1594 2570 excipien-

372 2589 392 2612 ι
414 2577 586 2628 Pariter]
611 2582 700 2617 Uno
718 2576 933 2631 eodemque
987 2577 1080 2615 dum
1108 2576 1300 2630 equitatus
1331 2575 1450 2617 esth-50
1487 2572 1599 2621 eursu

322 2640 509 2684 tempore.
663 2679 666 2681 q
988 2630 1206 2671 invadentis
1236 2635 1441 2683 impetum.
