1680 3110
270 182 405 253 '124
662 164 735 223 T.
765 220 771 225 .
835 160 886 220 L
937 180 962 219 1
1011 178 1053 221 v
1107 180 1127 218 1
1176 178 1201 218 1

67 280 255 321 U,c.4=2.
276 248 514 320 Campani
534 245 686 313 magis
704 258 883 294 nomen
908 241 967 292 ad
1024 239 1252 309 ijaefidium
1275 235 1551 296 sociorum,·

69 329 256 378 auc-340·
279 322 430 390 quarn
465 317 594 368 vires
620 329 782 380 ,quum
814 307 953 360 attuli
996 317 1080 358 ent
1108 345 1123 369 ,
1158 305 1365 356 fluentes
1393 303 1511 353 luxu
1530 339 1549 364 ,

279 390 340 440 ab
365 382 549 437 duratis
571 380 659 430 usu
682 393 928 428 armorum
951 376 1000 425 in
1023 372 1241 424 Sidicino
1266 369 1382 438 pulsi
1401 384 1517 435 agro
1533 406 1551 428 ‚

280 456 332 505 in
366 454 411 501 se
448 445 625 500 deinde
667 443 846 494 molem
889 459 1083 492 omnem
1127 438 1243 488 belli
1282 448 1552 488 verterunt.

280 533 493 584 namque
518 512 758 564 Samnites
775 549 790 570 ,
813 508 994 560 omiffis
1014 505 1241 558 Sidicinis
1261 540 1276 562 ‚
1306 502 1453 570 ipsam
1474 517 1552 550 ar-

282 603 391 636 cem
413 581 732 633 finitimorum
750 579 1028 644 Campanos
1051 571 1237 629 adorti,
1263 569 1395 620 unde
1417 564 1554 632 aeque

283 650 444 709 facilis
464 645 702 705 vidioria„
724 643 888 711 praedae
910 656 1058 708 atque
1085 638 1249 706 gloriae
1275 634 1384 703 plus
1406 631 1520 683 esset
1537 669 1555 693 ,

283 716 477 777 Tifata,
500 711 806 768 imminentes
838 711 1018 776 Capuae
1045 703 1195 755 colles
1215 743 1228 764 ‚
1256 720 1410 770 quum
1433 716 1556 767 prae-

286 784 407 837 sidio
436 782 575 836 firmo
607 775 919 846 occupaffent
935 813 951 836 ,
975 770 1274 823 descendunt
1305 767 1416 817 inde
1443 782 1562 832 qua·

288 853 431 902 drato
453 847 644 915 agmine
667 845 716 895 in
736 842 986 913 planitiem
1006 878 1020 899 ,
1050 855 1156 906 quae
1178 838 1252 886 Ca
1291 852 1401 884 uam
1424 831 1562 882 Tifa-

293 933 444 985 taque
478 912 748 978 interjacet.
789 908 866 959 Ibi
902 908 1063 958 rursus
1101 903 1203 954 acie
1274 900 1564 950 imicatum:

236 1005 241 1015 ·
287 983 596 1049 ‘adversoque
623 976 783 1047 praelio
811 972 1048 1042 Campani
1076 970 1200 1020 intra
1220 967 1405 1026 moenia
1427 982 1567 1016 com-

296 1050 417 1121 pulsi
433 1088 447 1110 ,
466 1064 619 1116 quum
645 1043 823 1095 robore
846 1037 1114 1105 iuventutis
1139 1037 1229 1087 suae
1249 1034 1407 1084 acciso
1432 1030 1568 1082 nulla

300 1116 574 1187 propinqua
613 1113 715 1178 spes
752 1107 893 1171 esset,
915 1104 1071 1158 coasti
1106 1105 1215 1155 sunt
1246 1100 1305 1152 ab
1338 1097 1570 1152 Romanis

300 1199 469 1253 petere
498 1178 749 1231 auxilium.

115 1260 290 1310 campani
374 1252 517 1300 XXX.
548 1245 712 1312 Legati
737 1237 1003 1292 introduffi
1025 1238 1073 1289 in
1097 1236 1337 1296 senatum,
1362 1228 1572 1282 maxime

99 1313 275 1404 {mijff
310 1318 361 1369 in
399 1316 525 1367 hanc
567 1309 852 1362 sententiam
890 1306 1047 1357 locuti
1079 1306 1187 1354 sunt
1216 1320 1227 1352 ι
1259 1299 1454 1367 Populus
1495 1314 1575 1346 nos

103 1408 277 1445 auxilium
313 1393 566 1452 Campanus
586 1378 758 1446 legatos
781 1378 838 1426 ad
859 1393 941 1422 vos
960 1409 974 1430 ,
1009 1379 1166 1422 Patres
1185 1367 1437 1433 Conscripti
1451 1401 1467 1424 ,
1491 1365 1578 1413 mi-

101 1464 235 1503 petam.
328 1469 363 1504 tt
390 1487 407 1509 ,
442 1449 699 1499 amicitiam
729 1446 778 1493 in
803 1441 1066 1510 perpetuum
1084 1474 1099 1495 ‚
1127 1434 1353 1486 auxilium
1383 1433 1579 1500 praesens

316 1523 345 1575 αὶ
375 1519 507 1567 vobis
535 1516 749 1582 petitum.
785 1526 921 1576 quam
939 1506 986 1574 st
1004 1505 1218 1570 secundis
1249 1503 1383 1551 rebus
1420 1499 1580 1561 nostris

313 1583 568 1654 petiffemus
592 1616 606 1638 ,
636 1579 755 1645 ficut
789 1588 927 1641 coePta
961 1571 1153 1622 celerias
1179 1605 1196 1627 ,
1228 1570 1298 1618 ita
1332 1565 1583 1630 infirmiore

320 1648 509 1708 vinculo
530 1646 757 1696 contrabia
781 1642 892 1709 effer.
916 1656 1022 1689 tunc
1043 1639 1162 1688 enim
1176 1671 1192 1693 ,
1215 1651 1267 1685 ut
1289 1635 1372 1700 qui
1389 1649 1440 1687 ex
1459 1649 1585 1696 aequo

321 1737 400 1770 nos
437 1713 600 1781 vemffi'
637 1714 686 1761 in
724 1709 981 1759 amicitiam
1017 1701 1358 1768 meminzffl’mus
1383 1734 1401 1758 ,
1439 1696 1585 1746 amici

309 1784 503 1852 forfitan
526 1782 707 1849 pariter
741 1796 792 1826 ac
831 1792 945 1824 nunc
972 1808 987 1830 ,
1015 1771 1209 1836 subjet‘ii
1237 1783 1376 1833 atque·
1409 1763 1588 1812 obnoxii

325 1851 459 1901 vobis
501 1844 650 1898 minin·
688 1843 879 1910 effemus.
920 1858 1035 1889 nunc
1081 1830 1391 1900 misericordici
1433 1826 1589 1893 <vestra

328 1914 567 1972 conciliati
584 1950 598 1971 ,
621 1910 881 1976 auxilioque
903 1909 952 1956 in
974 1905 1126 1967 dubiis
1147 1903 1278 1951 rebus
1295 1899 1455 1965 defenfi
1466 1932 1483 1954 ‚
1507 1898 1589 1946 be-

330 1985 540 2050 neficium
581 1995 754 2046 quoque
789 1987 1017 2041 acceptum
1060 1969 1259 2018 colamus
1304 1980 1501 2032 oportet,
1535 1980 1591 2015 ne

332 2051 511 2117 ingrati
526 2084 542 2105 ,
576 2063 710 2112 atque
744 2043 863 2098 omni
894 2056 969 2107 ope
999 2035 1164 2085 divina
1197 2031 1479 2097 humanaque
1515 2032 1595 2077 im-

334 2118 468 2184 digni
489 2116 746 2163 videamur.
770 2117 928 2174 Neque
944 2141 959 2162 ,
983 2101 1178 2153 Hercule
1196 2136 1211 2156 ‚
1236 2098 1352 2166 qzcbd
1374 2098 1595 2146 Samnites

328 2186 508 2258 priores
538 2180 679 2229 amici
706 2176 912 2242 sociique
947 2172 1077 2221 vobis
1103 2168 1228 2234 fabii
1251 2168 1360 2230 sunt
1393 2200 1410 2221 ,
1448 2164 1505 2211 ad
1545 2162 1597 2209 id

335 2250 495 2303 valere
514 2247 709 2296 arbitror
725 2279 739 2300 ,
762 2260 815 2291 ne
837 2258 914 2290 nos
937 2241 985 2288 in
1006 2235 1263 2285 amicitiam
1285 2232 1595 2297 accipiamur,

325 2321 411 2385 sed
441 2331 493 2364 ut
525 2313 743 2376 vetustate
781 2308 838 2360 &
872 2307 1025 2372 gradu
1059 2302 1235 2352 honoris
1267 2317 1343 2347 nos
1374 2295 1598 2363 praestent.

338 2400 481 2451 neque
513 2382 631 2430 enim
650 2379 820 2442 foedcre
850 2372 1149 2425 Samnitium,
1169 2385 1220 2417 ne
1243 2383 1332 2432 qua
1356 2382 1473 2412 nova
1492 2368 1602 2420 jun-

334 2451 510 2520 geretis
521 2448 693 2513 foedera
710 2479 725 2500 ,
746 2456 926 2490 cautum
945 2439 1017 2502 est.
1050 2437 1154 2485 Fuit
1171 2434 1352 2500 quidem
1376 2430 1494 2497 apud
1517 2445 1599 2475 vos

328 2522 509 2584 semper
522 2514 642 2578 satis
663 2511 783 2574 J'usta
807 2508 937 2570 causa
966 2504 1184 2553 amicitiae
1201 2536 1216 2556 ,
1252 2497 1376 2547 velle
1400 2513 1498 2545 eum
1521 2512 1601 2541 vo-

339 2588 414 2634 bis
450 2583 647 2631 amicum
687 2577 792 2643 effe,
833 2575 914 2640 qui
951 2590 1032 2619 vos
1068 2581 1311 2635 appeteret.
1352 2562 1601 2627 Campani,

341 2650 420 2717 etsi
432 2652 622 2715 fortuna
645 2643 836 2712 praesens
860 2634 1096 2707 magnifice
1119 2635 1248 2700 loqui
1260 2631 1467 2701 prohibet
1482 2662 1498 2686 ,
1519 2644 1605 2676 non
