1669 3052
453 121 1039 190 L1BERIX.
1186 127 1389 205 ‘245

112 225 196 263 tus
217 247 232 271 ‚
257 209 548 262 concionem
591 209 816 260 advocari
850 206 994 274 juffit.
1024 202 1245 256 ceterum
1269 207 1390 258 ficut
1424 216 1612 275 &kf-434·

114 278 302 345 ingenti
329 277 574 328 alacritate
600 275 659 326 ad
680 275 957 343 praetorium
977 275 1269 323 concursum
1294 273 1389 337 est,
1420 262 1610 306 ²·C⁶³¹⁸·

108 343 180 393 ita
206 362 298 411 prae
334 345 545 394 clamore
576 342 881 411 poscentium
908 355 1120 409 pugnam
1153 339 1283 390 nulla
1309 339 1395 391 ad-

112 408 332 460 hortatio
370 411 674 478 imperatoris
705 408 868 458 audita
907 407 989 457 est.
1042 408 1168 457 Suus
1205 406 1392 477 cuique

107 477 299 526 animus
337 494 523 526 memor
566 475 839 542 ignominiae
885 472 1171 523 adhortator
1207 473 1391 529 aderat.

114 542 315 598 Vadunt
348 543 498 608 igitur
530 542 577 590 in
602 540 815 608 praelium
843 555 1075 607 urgentes
1101 539 1389 607 figniferos:

106 610 159 660 δε
175 647 190 669 ,
216 625 275 658 ne
295 626 428 658 mora
448 609 495 656 in
514 609 755 657 concursu
777 606 885 673 pilis
909 607 1192 656 emittendis
1211 647 1227 668 ,
1251 606 1390 658 strin-

105 673 284 741 gendis
312 691 372 724 ue
405 673 517 724 inde
551 673 755 740 gladiis,
786 671 932 733 esset,
960 672 1054 740 pila
1096 673 1235 724 velut
1267 673 1386 726 dato

106 741 167 791 ad
203 740 253 789 id
305 756 420 807 igno
446 740 681 805 abjiciunt
700 777 714 796 ,
738 739 1005 806 strictisque
1029 738 1203 804 gladiis
1238 742 1385 793 cursu

101 805 153 856 in
182 806 370 857 hostem
408 805 648 857 feruntur.
689 805 829 854 Nihil
852 805 951 853 illic
973 805 1294 872 imperatoriae
1312 825 1384 858 ar-

101 872 190 934 tis,
225 872 478 924 ordinibus
497 888 581 923 aut
603 871 818 923 subfidiis
847 871 1067 921 locandis
1085 909 1098 930 ‚
1122 871 1248 923 fuit:
1276 891 1386 924 orn-

100 939 179 990 nia
206 939 272 990 ira
298 939 520 990 militaris
553 957 640 1005 pro
678 956 702 988 e
729 939 906 989 vesano
926 938 1115 1004 impetu
1144 939 1258 1006 egit.
1286 944 1381 990 Ita-

98 1023 198 1073 que
218 1024 314 1061 non
340 1004 427 1056 fufi
460 1004 608 1055 modo
641 958 800 1055 iiostes
833 1006 939 1055 sunt
955 1043 967 1064 ‚
988 1005 1070 1055 sed
1094 1014 1110 1037 ¹
1134 1023 1194 1056 ne
1216 1005 1384 1057 castris

98 1072 300 1140 quidem
315 1071 408 1122 suis
423 1071 586 1138 fugam
606 1071 840 1139 impedire
863 1070 985 1131 aufi,
1011 1071 1235 1139 Apuliam
1252 1071 1383 1123 diffi-

96 1139 198 1208 pati
232 1138 452 1206 petiere:
486 1139 740 1189 Luceriam
778 1153 970 1200 tamen,
1000 1136 1173 1188 coasto
1215 1139 1382 1190 rursus

97 1207 147 1256 in
173 1222 328 1255 unum
348 1204 538 1272 agmine
562 1244 576 1266 ,
604 1204 670 1255 est
693 1220 1004 1270 perventum.
1038 1207 1284 1255 Romanos
1306 1205 1378 1258 ira.

91 1271 296 1333 eadem,
329 1289 434 1339 quae
469 1289 553 1337 per
585 1271 793 1321 mediam
823 1273 976 1322 aciem
1002 1271 1212 1322 hostium
1247 1271 1379 1323 tule-

92 1354 170 1391 rat
193 1377 208 1399 ,
232 1341 286 1389 δε
311 1339 361 1388 in
395 1339 540 1389 castra
565 1338 784 1408 pertulit.
806 1338 874 1388 ibi
893 1338 1002 1407 plus
1024 1338 1172 1406 quam
1197 1338 1248 1388 in
1269 1339 1378 1391 acie

96 1405 341 1472 sanguinis
367 1422 420 1455 ac
444 1403 584 1456 caedis
616 1403 797 1456 fastum
823 1443 837 1466 ‚
858 1405 1124 1473 praedaeque
1151 1422 1259 1474 pars
1277 1423 1378 1459 ma-

93 1471 169 1538 jor
193 1471 261 1522 ira
300 1488 545 1543 corrupta.
597 1472 854 1524 Exercitus
878 1472 1000 1524 alter
1031 1489 1146 1523 cum
1175 1473 1375 1541 Papirio

91 1539 293 1590 consule
330 1540 455 1592 locis
487 1540 740 1590 maritimis
764 1554 1052 1607 pervenerat
1077 1542 1265 1607 ArpOS,
1288 1558 1374 1610 per
1545 1569 1599 1594 :22

90 1607 256 1657 omnia
297 1623 465 1674 pacata
485 1647 501 1668 ‚
545 1607 835 1657 Samnitium
883 1607 1035 1674 tnagis
1083 1606 1273 1673 injuriis
1315 1610 1375 1660 δε

91 1673 210 1724 odio
227 1712 239 1733 ‚
261 1674 409 1739 quam
428 1674 670 1724 beneficio
688 1674 790 1726 ullo
812 1674 982 1745 populi
997 1673 1219 1725 Romani.
1241 1678 1373 1726 Nam

89 1740 330 1791 Samnites
369 1741 424 1791 ea
465 1740 745 1808 tempestate
780 1741 827 1791 in
866 1740 1119 1792 montibus
1167 1740 1371 1794 vicatim

88 1805 367 1857 habitantes
387 1846 402 1867 ,
428 1807 706 1875 campestria
734 1809 783 1858 δε
817 1809 1058 1859 maritima
1079 1807 1190 1858 loca
1211 1846 1227 1870 ‚
1252 1825 1373 1859 con·

87 1886 280 1941 tempto
318 1874 569 1925 cultorum
603 1874 860 1935 molliore,
896 1890 1077 1943 atque,
1111 1889 1168 1925 ut
1202 1874 1372 1928 evenit

84 1939 228 2000 fere,
264 1938 364 1990 loci
402 1939 540 1991 fimili
576 1957 754 2009 genere
785 1980 800 2003 ,
836 1941 918 2009 ipfi
956 1941 1175 1992 montani
1215 1955 1371 2011 atque

84 2005 293 2073 agrestes
318 2005 754 2075 depopulabantur.
783 2025 890 2076 quae
907 2009 1045 2076 tegio
1072 2006 1105 2057 fi
1124 2007 1218 2058 fida
1236 2013 1372 2059 Sam-

81 2073 270 2124 nitibus
308 2072 500 2135 fuisset,
520 2090 605 2125 aut
643 2077 898 2144 pervenire
923 2080 1086 2145 Arpos
1114 2076 1366 2127 exercitus

81 2141 327 2192 Romanus
359 2140 598 2209 nequisset
618 2179 634 2202 ,
658 2153 679 2177 2
712 2156 797 2194 aut
830 2142 1085 2209 interjesta
1109 2142 1240 2192 inter
1264 2145 1366 2194 Ro·-

77 2223 208 2258 mam
241 2208 294 2256 &
316 2209 478 2277 Arpos
499 2247 515 2270 ‚
545 2209 749 2276 penuria
788 2225 953 2260 retum
990 2208 1212 2260 omnium
1228 2246 1245 2270 ‚
1267 2226 1364 2261 ex·-

88 2338 91 2339 γ
139 2317 155 2342 1
184 2306 240 2341 Ne
266 2301 394 2354 castris
416 2301 564 2357 quidem
579 2302 687 2355 suis]
743 2304 843 2343 inter
862 2308 1039 2344 Romam
1057 2306 1098 2344 &
1119 2306 1276 2356 Arpos,
1299 2305 1364 2345 in-

77 2361 142 2400 Ne
157 2359 199 2396 in
216 2355 340 2397 castra
356 2356 514 2408 quidem
530 2357 596 2394 sua
609 2355 689 2395 ausi
743 2356 958 2410 tercepiffet
990 2370 1236 2398 commeatus
1253 2385 1265 2404 ‚
1291 2359 1362 2411 qui

77 2412 117 2451 se
143 2411 310 2462 recipere
326 2438 340 2458 ‚
368 2423 416 2449 ne
440 2409 534 2462 fuga
552 2407 692 2449 diffici·
743 2411 877 2452 Roma
919 2412 1084 2451 subvehi
1121 2409 1361 2463 potuiffent3

77 2465 159 2504 lior
187 2462 307 2502 fieret.
744 2477 790 2504 ac
859 2465 1024 2517 proinde
1094 2462 1361 2518 absumpsisset

130 2531 151 2554 2
171 2515 688 2568 Autinterieffla]8upp1e‚
744 2522 975 2558 Romanurn
1000 2520 1212 2558 exercitum
1236 2532 1358 2571 penu-²

74 2571 149 2613 illa
179 2569 288 2621 regio
318 2585 327 2608 ι
359 2582 443 2621 quae
472 2568 499 2607 fi
529 2572 690 2609 inimica
745 2571 804 2610 ria
819 2585 952 2614 retum
968 2575 1152 2613 omnium
1166 2572 1360 2615 laboran-

73 2625 269 2666 Romanis
299 2620 432 2668 fuiffet
446 2651 461 2675 ,
490 2625 691 2678 interjecta
748 2636 845 2668 tem-0
1031 2683 1070 2733 L
1104 2678 1157 2688 m

1101 2695 1155 2748 ιι]
