1669 3052
441 161 494 222 L
536 183 560 221 1
601 182 635 222 Β
676 180 713 224 Ε
754 185 793 226 R
878 166 951 230 X.
1178 183 1181 185 *
1214 182 1334 258 361

65 235 134 290 est
149 275 164 299 ‚
200 244 216 271 ¹
246 239 391 291 etiam
413 259 531 294 vero
554 243 710 299 stanti.
738 246 833 300 Sed
857 260 878 285 ²
906 251 1207 320 superiecere
1229 263 1340 328 qui·
1362 284 1546 328 u,c,457,

63 303 176 355 dam
210 307 434 373 augendo
463 309 607 362 fidem
628 350 644 373 ‚
671 314 756 381 qui
788 316 838 364 in
871 315 1083 371 hostium
1116 327 1337 378 exercitu
1360 332 1547 377 &0295-

65 378 84 414 3
114 371 334 436 peditum
362 376 683 445 quadraginta
714 381 862 432 millia
888 398 1134 440 trecentos
1160 392 1336 461 trigin-

63 449 112 485 ta
141 474 156 496 ‚
201 439 427 505 equitum
465 445 544 492 sex
582 444 732 495 millia
765 485 780 508 ‚
817 450 952 501 mille
990 470 1336 531 carpentorum

61 503 291 568 scripsere
324 505 498 567 fuiffe3
525 509 711 560 scilicet
729 552 740 571 ‚
768 531 881 564 cum
917 521 1113 572 Umbris
1140 527 1333 577 Tuscis-

59 585 159 635 que
184 587 194 618 z
219 588 347 638 quos
370 575 420 621 δε
441 572 570 641 ipsos
594 592 764 644 pugnae
786 580 1004 635 adfuisse.
1036 593 1126 649 fit,
1160 606 1214 641 ut
1238 597 1337 645 Ro-

57 651 314 687 manorum
338 656 541 707 quoque
563 658 798 710 augerent
825 649 988 715 copias
1006 689 1021 711 ‚
1049 658 1100 704 L.
1127 657 1337 711 Volum-

55 699 198 752 nium
227 706 520 771 proconsule
557 707 738 761 ducem
777 714 1059 769 consulibus
1089 758 1103 780 ,
1139 729 1334 777 exerci-

55 779 264 835 tumque
290 770 393 835 ejus
415 771 692 840 legionibus
716 781 970 832 consulum
993 785 1245 851 adjiciunt.
1271 799 1330 846 In

54 831 279 900 pluribus
303 839 555 890 annalibus
578 880 591 902 ,
624 843 835 896 duorum
860 864 914 898 ea
938 853 1191 906 consulum
1216 879 1331 926 pro-

54 899 158 966 pria
181 902 386 954 vicioria
408 908 472 954 est
492 908 815 961 :Volumnius
839 912 886 963 in
913 918 1106 970 Samnio
1128 924 1327 980 interim

53 982 131 1017 res
160 970 322 1034 gerit,
355 972 741 1042 Samnitiumque
774 982 1045 1035 exercitum
1080 988 1128 1037 in
1164 993 1326 1044 Tifer-

52 1049 174 1083 num
196 1050 413 1086 montem
437 1041 744 1107 compulsum
770 1082 785 1105 ,
818 1063 917 1097 non
942 1049 1206 1106 deterritus
1230 1060 1328 1110 ini-

51 1099 242 1164 quitate
272 1100 404 1163 loci,
436 1103 600 1156 fundit
632 1107 886 1178 fugatque.
925 1119 992 1180 Q.
1022 1119 1193 1172 Fabius
1219 1127 1326 1176 De..

51 1165 196 1216 ciano
220 1169 440 1220 exercitu
464 1172 632 1223 relieio
655 1174 704 1225 in
727 1179 917 1229 Etruria
938 1220 952 1241 ,
989 1185 1085 1235 suis
1108 1187 1323 1256 legioni-

48 1229 144 1282 bus
174 1232 396 1286 deductis
422 1236 481 1287 ad
505 1240 676 1290 urbem
697 1280 712 1302 ‚
738 1241 798 1293 de
831 1247 984 1298 Gallis
1012 1254 1326 1325 Etruscisque

49 1313 106 1348 ac
131 1300 427 1354 Samnitibus
452 1305 786 1373 triumphavit.
811 1313 990 1366 milites
1019 1320 1326 1391 triumphan-

48 1377 150 1414 tem
174 1367 327 1417 secuti
350 1370 474 1420 sunt.
517 1373 778 1425 Celebrata
799 1378 1067 1435 inconditis
1097 1393 1324 1444 carmini-

48 1429 142 1481 bus
174 1433 468 1486 militaribus
500 1455 599 1489 non
634 1443 784 1508 magis
818 1445 1021 1500 vidioria
1056 1456 1126 1518 Q.
1156 1457 1319 1523 Fabii,

49 1496 199 1563 quam
229 1517 358 1550 mors
387 1503 609 1569 pratclara
639 1511 695 1559 P.
722 1510 866 1561 Decii
900 1515 996 1565 est:
1023 1526 1046 1558 4
1078 1523 1319 1576 excitata-

50 1579 148 1629 que
174 1567 405 1618 memoria
432 1572 672 1636 parentis,
696 1591 880 1642 aequata
904 1597 1084 1635 eventu
1113 1590 1318 1655 publico

84 1630 339 1699 rivatoque
363 1634 445 1684 filii
469 1636 709 1690 laudibus.
743 1645 868 1694 Data
891 1663 949 1697 ex
973 1653 1127 1716 praeda
1151 1658 1320 1713 militi-

46 1646 140 1747 bus
161 1735 176 1758 ,
197 1708 219 1740 5
243 1701 345 1750 aeris
371 1702 600 1771 oe’cogeni
631 1705 766 1769 bini,
797 1712 1002 1782 sagaque
1027 1721 1080 1770 δε
1103 1727 1315 1792 tunicae5

106 1855 122 1882 1
162 1847 290 1886 Etiam
318 1862 404 1888 vero
420 1850 571 1904 stanti]
605 1857 651 1893 E·
708 1869 823 1909 praec.
861 1860 1000 1904 dixerit
1033 1871 1156 1911 XXV.
1188 1875 1320 1917 millia.

45 1896 142 1937 tlam
160 1899 185 1938 si
201 1905 283 1953 quis
298 1902 365 1942 stet
378 1917 651 1953 vero,c0nten·
705 1911 877 1953 hostium
905 1920 998 1957 caesa
1018 1949 1030 1968 ,
1057 1925 1146 1965 06ὶο
1171 1941 1285 1981 capta
1304 1946 1319 1979 ς

45 1962 104 1990 tus
128 1951 172 1992 fit
197 1968 243 1993 eo
270 1956 376 2007 quod
399 1971 531 1998 verum
551 1960 617 1999 est.
706 1966 747 2002 δε
781 1979 825 2003 ex
856 1982 889 2007 c.
932 1980 995 2008 26.
1029 1977 1143 2028 supra
1178 1983 1324 2036 colligi*

96 2017 117 2042 2
148 2009 377 2061 Superjecere
398 2012 554 2064 quidam
578 2029 648 2052 au·-
703 2019 813 2069 possit
851 2027 1055 2066 Romanos
1094 2034 1196 2083 ipsos
1235 2050 1318 2077 non

36 2057 157 2109 gendo
167 2058 311 2111 fidem]
334 2064 507 2108 Quidam
523 2067 649 2119 super-
702 2076 902 2122 pauciores
922 2077 1032 2119 fuiffe
1055 2086 1317 2142 quadraginta

39 2114 162 2163 jecere
180 2111 324 2163 fidem,
346 2115 419 2155 five
444 2131 524 2157 rem
548 2121 650 2160 ultra
703 2125 912 2168 hominum
944 2134 1137 2176 millibus.

41 2162 161 2203 fidem
188 2195 200 2214 ,
244 2168 347 2207 ultra
384 2170 504 2222 quaim
545 2175 649 2214 credi
751 2193 777 2227 4
818 2184 1070 2243 Excitataque
1102 2198 1312 2250 memoria}

39 2218 151 2270 poffit
166 2248 178 2267 ,
202 2222 396 2271 protulere
412 2227 602 2277 augendo.
700 2235 906 2275 Renovata
930 2240 982 2277 est
1009 2251 1204 2286 memoria
1237 2264 1311 2302 pa-

95 2284 110 2318 3
166 2273 339 2312 Peditum
390 2280 471 2318 XL.
524 2279 648 2319 millia
701 2288 794 2334 tris,
810 2301 928 2340 quam
947 2292 1019 2332 filii
1037 2296 1166 2338 laudes
1182 2316 1312 2356 aequa-

39 2326 252 2366 cchXX.
273 2329 439 2382 equitum
455 2335 536 2371 VI.
556 2334 646 2372 mil·
700 2351 834 2379 verant
874 2347 914 2383 &
947 2360 1085 2389 eventu
1117 2356 1278 2404 publico
1294 2386 1318 2407 ‚A

36 2373 125 2428 lia]
155 2379 308 2431 Aliquis
331 2385 369 2419 in
394 2383 454 2422 his
477 2391 647 2426 numeris
700 2395 887 2443 praeclarei
909 2412 1047 2454 nempe
1066 2408 1201 2458 populi
1222 2415 1308 2450 Ro-

38 2442 149 2469 error
187 2431 261 2472 effe
300 2435 466 2475 videtur.
510 2442 647 2492 Neque
701 2450 806 2485 mani
842 2453 1005 2492 vistoria
1042 2472 1053 2503 3
1094 2462 1134 2497 &
1171 2477 1313 2505 eventu
1359 2493 1361 2495 ·

38 2486 144 2522 enim
160 2485 247 2524 satis
262 2500 421 2540 apparet
435 2519 448 2537 ,
470 2504 539 2530 cur
556 2495 644 2542 hic,
699 2502 856 2550 privato
885 2533 899 2552 ,
946 2508 1121 2560 gloriosa
1166 2517 1313 2559 scilicet

37 2549 154 2588 quem
179 2551 279 2578 nunc
299 2542 390 2580 libri
411 2544 644 2596 praeferunt‚
700 2565 843 2594 morte.

36 2601 218 2630 numerus
243 2591 360 2633 fidem
383 2597 561 2637 excedere
584 2603 645 2638 Li·
756 2617 771 2652 5
832 2612 956 2652 viris
996 2615 1161 2672 oHogeni
1202 2622 1312 2677 bini]

34 2645 102 2684 vio
125 2644 321 2686 videretur
345 2676 360 2698 ‚
392 2662 515 2706 quum
542 2655 582 2694 ὅ(
609 2668 644 2696 c·
700 2661 837 2715 supple
866 2692 881 2715 ,
920 2678 1075 2709 nummi
1121 2674 1312 2733 librales,

120 2701 248 2753 Tem.
274 2708 340 2755 II.
1052 2727 1108 2792 Q
