1680 3110
373 57 607 142 116'
761 88 1293 170 T.L1v11

163 163 476 214 U.c.405.cere
507 166 780 219 exercitum
811 191 874 240 pu
915 177 972 227 na
1004 179 1174 237 fessum
1203 206 1335 244 novo
1361 193 1517 247 labori
1541 215 1633 250 no·-

161 217 246 255 ²·C·
263 229 347 266 347·
360 223 519 291 lebat,
543 231 567 280 a
591 189 927 301 persequencio
955 244 1090 299 hoste
1114 256 1361 310 continuit
1379 299 1394 322 ‚
1427 265 1630 318 tumulis

357 291 418 341 ab
442 295 578 346 hoste
602 306 871 369 occupatis.
907 311 1066 363 Praeda
1093 322 1225 369 omni
1253 325 1516 380 castrorum
1539 331 1632 381 rni-

351 356 428 407 liti
462 360 570 412 data
589 402 604 424 ‚
626 365 861 422 victorem
894 381 1164 435 exercitum
1187 424 1202 445 ‚
1235 391 1629 464 opulentumque

353 425 561 478 Gallicis
583 431 745 497 spoliis
761 476 773 495 ,
802 441 1003 495 Romam
1022 449 1231 504 reduxit.
1254 461 1438 510 Moram
1459 463 1630 514 trium*-

350 489 456 555 pho*
481 494 659 548 vulnus
688 506 902 557 consulis
937 513 1103 565 attulit
1135 540 1146 567 ε
1183 522 1454 594 eademque
1488 532 1629 581 causa

350 555 600 612 distatoris
624 564 910 623 desiderium
935 579 1119 631 senatui
1149 583 1298 652 fecit,
1323 607 1378 640 ut
1401 593 1514 643 esset
1536 597 1625 665 qui

174 624 483 688 Dinagoraegris
517 632 796 686 consulibus
829 644 1027 694 comitia
1058 647 1276 706 haberet.
1316 658 1540 710 Dictator
1566 668 1620 717 L.

143 674 331 756 ξὲηζέἳέἇῗ
345 691 515 741 Furius
541 696 782 751 Camillus
813 704 972 758 dictus
990 749 1005 771 ,
1030 713 1197 766 addito
1227 724 1451 788 magistro
1485 730 1623 795 equi·

296 753 447 805 “tum
481 760 536 810 P.
568 766 807 818 Cornelio
845 776 1105 841 Scipione,
1140 784 1353 838 reddidit
1389 794 1615 846 Patribus

338 822 673 889 pofleffionem
701 835 954 899 ‘pristinam
996 848 1289 902 consulatus.
1326 855 1422 922 ipse
1467 860 1532 909 ob
1567 863 1618 913 id

334 890 568 942 meritum
606 895 792 963 ingenti
831 907 1029 960 Patrum
1073 913 1231 965 studio
1268 937 1459 974 creatus
1492 943 1617 979 con-

336 954 407 1006 sul
427 994 441 1013 ,
470 958 713 1028 collegam
739 970 831 1035 Ap.
855 973 1122 1031 Claudium
1147 985 1371 1038 Crassum
1396 990 1535 1042 dixit.

400 1026 552 1077 XXV.
592 1029 878 1101 Priusquam
910 1041 1090 1096 inirent
1126 1051 1241 1100 novi
1267 1057 1490 1108 consules
1513 1077 1617 1110 ma-

330 1086 585 1153 gistratum
608 1132 624 1154 ‚
646 1098 924 1170 triumphus
955 1109 980 1160 a
1017 1113 1228 1179 Popillio
1259 1118 1318 1169 de
1354 1123 1506 1174 Gallis
1531 1143 1612 1176 ac-

333 1168 415 1205 tus
438 1195 451 1218 ,
488 1175 664 1227 magno
698 1163 865 1221 favore
893 1174 1079 1238 plebis:
1103 1182 1458 1256 mussantesque
1484 1191 1611 1244 inter

328 1221 376 1269 se
407 1226 713 1292 rogitabant,
738 1250 855 1286 num
881 1258 1029 1305 quem
1056 1245 1233 1311 plebeii
1262 1256 1471 1307 consulis
1497 1276 1612 1324 poe-

328 1288 529 1342 niteret.
567 1293 719 1347 Simul
745 1300 1033 1359 dictatorem
1060 1312 1375 1383 increpabant
1392 1360 1408 1383 ,
1433 1325 1518 1392 qui
1542 1325 1610 1376 le-

327 1353 403 1419 gis
427 1358 621 1409 Liciniae
643 1364 807 1431 spretae
831 1375 1112 1429 mercedem
1137 1385 1442 1440 consulatum
1467 1430 1482 1448 ‚
1511 1393 1610 1456 pri-

324 1421 436 1471 vata
465 1426 734 1492 cupiditate
753 1473 769 1496 ,
795 1437 943 1504 quam
977 1443 1173 1509 publica
1206 1450 1379 1511 iniuria
1412 1455 1602 1509 foedio-

323 1501 460 1550 rem,
494 1494 691 1560 cepiffet
723 1537 740 1560 ‚
781 1516 836 1553 ut
879 1507 924 1555 se
966 1509 1062 1576 ipse
1106 1517 1355 1568 consulem
1394 1521 1606 1577 dictator

108 1545 303 1601 ‘trema
323 1570 525 1608 crearet.
566 1564 739 1616 Annus
776 1571 943 1623 multis
978 1578 1217 1648 variisque
1252 1587 1475 1639 motibus
1508 1591 1603 1643 fuit

113 1615 151 1641 ²·
167 1609 307 1694 {⁴333
323 1619 531 1689 insignis.
569 1629 697 1682 Galli
721 1650 779 1684 ex
808 1638 1011 1692 Albanis
1037 1649 1320 1713 montibu8‚
1350 1656 1464 1721 quia
1491 1656 1597 1709 hie-

114 1682 411 1749 riojAp,mis
444 1690 543 1740 vim
612 1697 674 1746 ati
708 1703 1033 1769 nequiverant
1055 1748 1069 1770 ,
1105 1730 1190 1780 per
1221 1733 1419 1786 campos
1454 1725 1597 1775 mari-

112 1744 282 1811 claudio
318 1753 535 1825 timaque
570 1711 678 1813 ioca
718 1769 828 1835 vagi
868 1774 1227 1840 populabantur
1262 1802 1274 1834 ε
1307 1803 1436 1837 mare
1470 1790 1598 1843 infe-

112 1790 218 1834 C0ff'
317 1818 441 1872 stum
464 1823 682 1881 claffibus
710 1835 995 1890 Graecorum
1024 1860 1126 1895 erat
1145 1886 1160 1908 ‚
1198 1866 1382 1920 oraque
1412 1854 1593 1911 littoris

314 1889 529 1941 Antiatis
547 1932 558 1950 ,
587 1898 892 1969 Laurensque
921 1908 1132 1973 tractus,
1156 1916 1208 1964 δε
1230 1918 1420 1972 Tiberis
1444 1924 1593 1978 ostia:

309 1967 370 2003 *ut
412 1958 661 2022 praedones
701 1969 927 2021 maritimi
971 1991 1085 2027 cum
1126 1984 1431 2036 terrestribus
1468 2007 1590 2042 con-

310 2022 451 2085 greffi
473 2060 486 2082 ‚
523 2028 722 2096 ancipiti
751 2035 897 2086 semel
930 2041 1092 2105 praelio
1126 2045 1423 2102 decertarint
1443 2093 1458 2113 ‚
1494 2058 1591 2110 du—

312 2085 483 2156 biique
521 2092 815 2149 discesserint
849 2102 897 2152 in
933 2107 1080 2159 castra
1117 2113 1285 2177 Galli,
1321 2121 1479 2171 Graeci
1513 2142 1590 2177 re-

311 2165 394 2203 tro
426 2156 484 2206 ad
513 2175 659 2211 naves
680 2201 695 2223 ,
734 2166 892 2219 victos
926 2173 972 2222 se
1005 2191 1062 2224 an
1096 2178 1307 2232 victores
1341 2202 1588 2252 putarent.

309 2222 449 2270 Inter
471 2222 571 2274 haec
598 2225 742 2296 longe
771 2236 1006 2288 maximus
1031 2243 1212 2296 exstitit
1244 2263 1433 2313 terror,
1465 2273 1586 2308 con-

306 2285 422 2336 cilia
454 2292 751 2356 populorum
788 2302 1071 2357 Latinorum
1106 2311 1162 2361 ad
1201 2316 1371 2366 lucum
1410 2325 1585 2375 Feren-

303 2350 419 2402 tinae
461 2354 623 2408 habita
653 2399 668 2421 ‚
708 2366 1085 2440 responsumque
1130 2378 1261 2431 haud
1296 2384 1580 2453 ambiguum

304 2416 657 2487 imperantibus
691 2430 867 2484 milites
899 2439 1125 2492 Romanis
1159 2445 1324 2498 datum
1346 2489 1361 2510 ,
1399 2456 1576 2520 ahstste-

303 2502 405 2532 rent
436 2490 660 2556 imperare
689 2498 753 2544 iis
779 2519 966 2566 quorum
998 2510 1171 2559 auxilio
1208 2533 1401 2580 egerent.
1440 2526 1573 2573 Lati·-

303 2566 380 2598 πο)-
390 2566 477 2619 pro
494 2560 582 2622 sua
604 2558 817 2616 libertate
839 2573 995 2636 potiris
1015 2609 1030 2631 ,
1057 2577 1193 2641 qusint
1205 2595 1289 2647 pro
1313 2584 1460 2635 alieno
1484 2591 1573 2639 im-
