1680 3110
288 97 328 156 6
628 92 1155 154 T-.L1v11

74 194 162 230 uc.
178 198 263 235 366.
287 173 562 227 exercitum
585 191 759 225 eorum
780 174 839 224 ad
857 175 999 226 Bolas
1023 174 1274 244 oppreffit3
1303 191 1395 229 nec
1418 177 1570 229 castra

75 249 109 278 ²·
124 240 263 285 038⁶·
287 241 440 294 modo
457 281 471 303 ‚
489 240 567 317 ⁸sed
590 241 764 293 urbem
787 241 935 293 etiam
956 241 1199 311 aggressus
1222 282 1239 306 ,
1262 243 1448 314 impetu
1470 246 1570 313 pri-

288 328 373 362 mo
393 324 542 378 cepit.

356 379 447 427 ΙΙΙ.
481 379 658 440 Quum
680 375 730 427 in
752 393 806 428 ea
823 388 983 445 parte,
1012 376 1064 427 in
1087 393 1185 446 qua
1206 391 1356 443 caput
1372 378 1444 428 rei
1468 379 1575 428 Ro·-

197 498 213 514 ,
290 460 439 494 manae
466 442 708 493 Camillus
746 457 881 505 crat,
921 461 976 494 ea
1014 441 1213 494 fortuna
1244 441 1392 504 effer,
1429 443 1574 494 aliam

76 550 99 586 ὁ
117 507 266 595 sI'E'J'fm
290 510 341 561 in
365 524 548 579 partem
575 525 733 560 terror
751 510 922 577 ingens
939 509 1205 578 ingruerat.
1241 508 1435 560 Etruria
1455 528 1574 578 pro-

74 567 246 644 „ffifnf”
291 593 353 646 pe
371 578 530 628 omnis
553 591 732 627 armata
755 577 974 627 Sutrium
1002 576 1158 626 socios
1180 576 1350 644 populi
1368 575 1573 626 Romani

69 649 210 694 recipit.
293 642 575 694 obsidebat:
605 661 819 712 quorum
853 642 1000 710 legati
1033 661 1178 710 opem
1216 643 1362 694 rebus
1394 641 1579 693 affectis

30 732 33 733 ⁷
290 726 486 762 orantes
512 749 527 772 ‚
574 728 729 779 quum
775 713 994 761 senatum
1032 707 1272 770 adissent,
1316 709 1575 760 decretum

289 785 308 812 ¹
337 778 493 829 tulere
509 817 523 839 ,
546 791 604 827 ut
622 777 829 828 dictator
846 777 1002 845 primo
1025 792 1230 845 quoque
1251 790 1472 845 tempore
1497 793 1577 826 au-

290 845 466 896 xilium
487 843 694 895 Sutrinis
711 843 878 894 ferret.
909 842 1076 910 Cujus
1094 843 1193 912 spei
1214 861 1400 893 moram
1420 860 1577 912 quum

287 912 391 982 pati
421 911 619 961 fortuna
641 909 938 961 obsessorum
973 927 1073 960 non
1099 907 1362 977 potuisset,
1404 907 1581 959 confe-

290 979 469 1052 &aque
494 988 513 1012 2
539 977 755 1046 paucitas
778 976 1144 1045 oppidanorum
1163 993 1338 1046 opere,
1364 975 1586 1044 vigiliis,

286 1045 579 1099 vulneribus
600 1084 614 1106 ‚
643 1063 748 1113 quoe
768 1045 950 1112 semper
973 1042 1168 1094 eosdem
1185 1046 1424 1111 urgebant
1439 1081 1453 1105 ,
1488 1059 1577 1111 per

287 1112 566 1182 paftionem
589 1112 712 1162 urbe
740 1111 962 1162 hostibus
982 1108 1186 1170 tradita,
1212 1109 1424 1161 inermes
1461 1126 1579 1161 cum
1636 1111 1640 1114 ’

287 1178 489 1247 fingulis
526 1178 673 1229 emiffi
709 1177 1006 1230 vestimentis
1034 1215 1048 1237 ‚
1089 1176 1349 1228 miserabili
1383 1176 1578 1244 agmine

286 1261 491 1315 penates
514 1245 932 1314 relinquerent3eo
956 1242 1084 1295 forte
1095 1258 1316 1313 tempore
1337 1243 1581 1295 Camillus

290 1332 407 1366 cum
427 1313 649 1365 exercitu
675 1315 894 1364 Romano
922 1311 1205 1364 intervenit.
1240 1311 1323 1364 cui
1348 1328 1506 1382 quum
1532 1311 1582 1363 se

288 1380 468 1432 moesta
482 1380 628 1433 turba
644 1379 702 1431 ad
716 1379 864 1450 pedes
883 1377 1204 1449 provolvisset
1219 1417 1235 1441 ‚
1275 1379 1581 1450 principum·

328 1466 390 1500 ue
426 1448 725 1511 orationem,
760 1445 1250 1501 necestitate-ultima
1287 1445 1584 1518 expressam,

320 1531 438 1570 ,etus
470 1515 732 1568 mulierum
769 1531 825 1567 ac
855 1532 1153 1586 puerorum,
1193 1513 1280 1583 qui
1317 1513 1466 1565 exsilii
1496 1531 1588 1566 co—

284 1584 433 1639 mites
452 1583 773 1635 trahebantur
788 1622 804 1646 ,
828 1580 1088 1652 excepisset
1106 1605 1120 1644 3
1140 1598 1338 1651 parcere
1359 1580 1584 1649 lamentis

284 1652 516 1705 Sutrinos
547 1650 700 1717 juffit:
732 1653 937 1717 Etruscis
962 1652 1015 1716 fi>
1048 1649 1222 1700 lufium
1261 1648 1579 1717 lacrymasque

275 1722 424 1788 ferre.
457 1718 678 1770 Sarcinas
720 1717 833 1770 inde
877 1717 1057 1784 deponi
1091 1755 1106 1778 ,
1142 1717 1469 1784 Sutrinosque
1505 1714 1581 1767 ibi

289 1785 541 1838 confidere
561 1784 762 1837 modico
784 1784 997 1854 praefidio
1019 1782 1192 1834 relicto
1211 1821 1227 1842 ‚
1262 1801 1393 1834 arma
1414 1785 1581 1834 secum

288 1853 499 1906 militem
557 1851 683 1904 ferre
729 1853 882 1917 jubet.
940 1856 1015 1902 Ita
1075 1868 1134 1902 ex
1172 1848 1307 1900 edito
1357 1850 1581 1902 exercitu

289 1920 545 1991 profeRus
565 1919 625 1970 ad
656 1919 906 1980 Sutrium,
943 1918 989 1969 id
1013 1868 1167 1987 quoti7
1175 1917 1375 1968 rebatur
1398 1916 1426 1977 ,'
1448 1916 1580 1968 solu-

291 2003 344 2039 ta
373 1987 539 2040 omnia
566 1987 713 2038 rebus
737 1989 827 2050 (ut
844 1985 933 2050 fit)
958 1983 1181 2036 secundis
1216 1983 1434 2035 invenit:
1467 1983 1579 2035 nul-

290 2054 389 2106 lam
429 2054 685 2105 stationem
716 2069 827 2104 ante
863 2051 1083 2109 moenia,
1119 2064 1344 2121 patentes
1381 2064 1579 2119 portam,

291 2121 533 2173 vistorem
550 2137 731 2188 vagum
760 2119 1041 2189 praedam'ex
1066 2117 1279 2169 hostium
1297 2117 1438 2169 testis
1467 2132 1582 2184 ege-

291 2204 502 2241 rentem.
542 2192 731 2238 Iterum
753 2187 901 2254 igitur
939 2185 1117 2236 eodem
1149 2184 1228 2235 die
1257 2185 1475 2235 Sutrium
1499 2201 1582 2234 ca-

291 2256 429 2326 pitur
459 2273 469 2304 :
498 2254 709 2305 viciores
743 2253 930 2304 Etrusci
967 2252 1143 2322 passim
1177 2251 1487 2304 trucidantur
1518 2250 1581 2302 ab

294 2341 429 2374 novo
451 2321 617 2383 hoste,
655 2338 816 2390 neque
839 2323 884 2371 se
909 2317 1240 2387 conglobandi
1261 2316 1578 2386 coeundique

291 2389 346 2440 in
386 2407 572 2451 unum,
613 2403 697 2438 aut
734 2405 863 2438 arma
911 2385 1133 2452 capiendi
1177 2384 1319 2435 datur
1357 2384 1579 2454 spatium.

292 2470 452 2525 quum
469 2472 560 2526 pro
579 2456 623 2507 se
642 2454 851 2525 quisque
871 2454 1130 2506 tenderent
1142 2452 1202 2503 ad
1217 2465 1409 2522 portas,
1427 2449 1457 2499 fi
1480 2450 1581 2520 qua

349 2558 364 2583 1
390 2545 552 2601 Tulere]
575 2547 805 2599 Abstuleoe,
830 2550 907 2588 im·
1018 2557 1055 2581 2·
1079 2544 1256 2582 paucitas
1288 2543 1581 2598 oppidanorum]

292 2613 506 2654 petravere.
542 2659 544 2662 y
962 2598 1161 2654 Oppidani
1177 2626 1190 2647 ‚
1210 2599 1278 2653 qui
1293 2599 1408 2652 pauci
1423 2606 1548 2638 etant.
