<?xml version="1.0" encoding="UTF-8"?>
<!DOCTYPE html PUBLIC "-//W3C//DTD XHTML 1.0 Transitional//EN"
    "http://www.w3.org/TR/xhtml1/DTD/xhtml1-transitional.dtd">
<html xmlns="http://www.w3.org/1999/xhtml" xml:lang="en" lang="en">
 <head>
  <title>
</title>
<meta http-equiv="Content-Type" content="text/html;charset=utf-8" />
  <meta name='ocr-system' content='tesseract 3.04.00' />
  <meta name='ocr-capabilities' content='ocr_page ocr_carea ocr_par ocr_line ocrx_word'/>
</head>
<body>
  <div class='ocr_page' id='page_1' title='image "./tliviipatavinihi0102livy/tliviipatavinihi0102livy_0174.png"; bbox 0 0 1680 3110; ppageno 0'>
   <div class='ocr_carea' id='block_1_1' title="bbox 350 118 1287 203">
    <p class='ocr_par' dir='ltr' id='par_1_1' title="bbox 350 118 1287 203">
     <span class='ocr_line' id='line_1_1' title="bbox 350 118 1287 203; baseline 0.026 -22"><span class='ocrx_word' id='word_1_1' title='bbox 350 118 480 184; x_wconf 41' lang='lat'>*165</span> <span class='ocrx_word' id='word_1_2' title='bbox 759 124 1287 203; x_wconf 78' lang='lat' dir='ltr'>T.L1v11</span> 
     </span>
    </p>
   </div>
   <div class='ocr_carea' id='block_1_2' title="bbox 340 202 1637 623">
    <p class='ocr_par' dir='ltr' id='par_1_2' title="bbox 340 202 1637 623">
     <span class='ocr_line' id='line_1_2' title="bbox 352 202 1637 286; baseline 0.029 -36"><span class='ocrx_word' id='word_1_3' title='bbox 352 202 402 237; x_wconf 84' lang='lat'>¹⁶</span> <span class='ocrx_word' id='word_1_4' title='bbox 457 208 628 256; x_wconf 86' lang='lat' dir='ltr'>rimum</span> <span class='ocrx_word' id='word_1_5' title='bbox 652 214 699 247; x_wconf 87' lang='lat'>¹⁷</span> <span class='ocrx_word' id='word_1_6' title='bbox 724 209 881 276; x_wconf 81' lang='lat' dir='ltr'>pilum</span> <span class='ocrx_word' id='word_1_7' title='bbox 902 217 1162 272; x_wconf 83' lang='lat' dir='ltr'>vocabant.</span> <span class='ocrx_word' id='word_1_8' title='bbox 1189 226 1236 258; x_wconf 79' lang='lat'>18</span> <span class='ocrx_word' id='word_1_9' title='bbox 1262 225 1440 279; x_wconf 80' lang='lat' dir='ltr'>Tribus</span> <span class='ocrx_word' id='word_1_10' title='bbox 1460 247 1519 282; x_wconf 82' lang='lat' dir='ltr'>ex</span> <span class='ocrx_word' id='word_1_11' title='bbox 1544 247 1637 286; x_wconf 52' lang='lat' dir='ltr'>ven*¹</span> 
     </span>
     <span class='ocr_line' id='line_1_3' title="bbox 347 220 1632 366; baseline 0.028 -48"><span class='ocrx_word' id='word_1_12' title='bbox 347 220 477 322; x_wconf 62' lang='lat' dir='ltr'>&gt;ciliis</span> <span class='ocrx_word' id='word_1_13' title='bbox 509 271 775 328; x_wconf 85' lang='lat' dir='ltr'>constabat.</span> <span class='ocrx_word' id='word_1_14' title='bbox 804 281 1033 333; x_wconf 83' lang='lat' dir='ltr'>vexillum</span> <span class='ocrx_word' id='word_1_15' title='bbox 1064 294 1113 328; x_wconf 86' lang='lat'>19</span> <span class='ocrx_word' id='word_1_16' title='bbox 1147 304 1346 344; x_wconf 86' lang='lat' dir='ltr'>centum</span> <span class='ocrx_word' id='word_1_17' title='bbox 1379 297 1632 366; x_wconf 67' lang='lat' dir='ltr'>ostoginta</span> 
     </span>
     <span class='ocr_line' id='line_1_4' title="bbox 343 337 1634 419; baseline 0.026 -34"><span class='ocrx_word' id='word_1_18' title='bbox 343 337 427 386; x_wconf 80' lang='lat' dir='ltr'>sex</span> <span class='ocrx_word' id='word_1_19' title='bbox 454 338 682 392; x_wconf 87' lang='lat' dir='ltr'>homines</span> <span class='ocrx_word' id='word_1_20' title='bbox 708 357 861 399; x_wconf 87' lang='lat' dir='ltr'>erant.</span> <span class='ocrx_word' id='word_1_21' title='bbox 892 349 1113 403; x_wconf 87' lang='lat' dir='ltr'>Primum</span> <span class='ocrx_word' id='word_1_22' title='bbox 1149 358 1384 411; x_wconf 87' lang='lat' dir='ltr'>vexillum</span> <span class='ocrx_word' id='word_1_23' title='bbox 1410 373 1461 400; x_wconf 85' lang='lat'>²0</span> <span class='ocrx_word' id='word_1_24' title='bbox 1494 368 1634 419; x_wconf 88' lang='lat' dir='ltr'>Tria·</span> 
     </span>
     <span class='ocr_line' id='line_1_5' title="bbox 342 403 1632 496; baseline 0.028 -45"><span class='ocrx_word' id='word_1_25' title='bbox 342 403 442 454; x_wconf 87' lang='lat' dir='ltr'>rios</span> <span class='ocrx_word' id='word_1_26' title='bbox 466 406 682 459; x_wconf 85' lang='lat' dir='ltr'>ducebat</span> <span class='ocrx_word' id='word_1_27' title='bbox 701 447 716 470; x_wconf 86' lang='lat'><strong>‚</strong></span> <span class='ocrx_word' id='word_1_28' title='bbox 748 427 1038 468; x_wconf 87' lang='lat' dir='ltr'>veteranum</span> <span class='ocrx_word' id='word_1_29' title='bbox 1060 420 1268 474; x_wconf 86' lang='lat' dir='ltr'>militem</span> <span class='ocrx_word' id='word_1_30' title='bbox 1292 427 1509 496; x_wconf 73' lang='lat' dir='ltr'>specstatae</span> <span class='ocrx_word' id='word_1_31' title='bbox 1531 435 1632 486; x_wconf 85' lang='lat' dir='ltr'>vir·</span> 
     </span>
     <span class='ocr_line' id='line_1_6' title="bbox 342 470 1632 553; baseline 0.027 -35"><span class='ocrx_word' id='word_1_32' title='bbox 342 470 503 523; x_wconf 82' lang='lat' dir='ltr'>tutis:</span> <span class='ocrx_word' id='word_1_33' title='bbox 541 475 811 530; x_wconf 88' lang='lat' dir='ltr'>secundum</span> <span class='ocrx_word' id='word_1_34' title='bbox 851 491 897 517; x_wconf 86' lang='lat'>2¹</span> <span class='ocrx_word' id='word_1_35' title='bbox 941 486 1173 538; x_wconf 84' lang='lat' dir='ltr'>Rorarios</span> <span class='ocrx_word' id='word_1_36' title='bbox 1195 529 1211 552; x_wconf 88' lang='lat'>,</span> <span class='ocrx_word' id='word_1_37' title='bbox 1240 493 1400 546; x_wconf 85' lang='lat' dir='ltr'>minus</span> <span class='ocrx_word' id='word_1_38' title='bbox 1437 499 1632 553; x_wconf 87' lang='lat' dir='ltr'>roboris</span> 
     </span>
     <span class='ocr_line' id='line_1_7' title="bbox 340 539 1629 623; baseline 0.027 -38"><span class='ocrx_word' id='word_1_39' title='bbox 340 551 483 590; x_wconf 81' lang='lat' dir='ltr'>aetate</span> <span class='ocrx_word' id='word_1_40' title='bbox 520 539 756 611; x_wconf 59' lang='lat' dir='ltr'>fastisque</span> <span class='ocrx_word' id='word_1_41' title='bbox 774 564 785 598; x_wconf 73' lang='grc' dir='ltr'>ε</span> <span class='ocrx_word' id='word_1_42' title='bbox 805 550 1007 602; x_wconf 85' lang='lat' dir='ltr'>tertium</span> <span class='ocrx_word' id='word_1_43' title='bbox 1032 564 1082 589; x_wconf 87' lang='lat'>22</span> <span class='ocrx_word' id='word_1_44' title='bbox 1107 559 1357 611; x_wconf 86' lang='lat' dir='ltr'>Accensos</span> <span class='ocrx_word' id='word_1_45' title='bbox 1376 601 1390 623; x_wconf 91' lang='lat'>‚</span> <span class='ocrx_word' id='word_1_46' title='bbox 1419 567 1629 620; x_wconf 74' lang='lat' dir='ltr'>minimae</span> 
     </span>
    </p>
   </div>
   <div class='ocr_carea' id='block_1_3' title="bbox 338 601 1627 704">
    <p class='ocr_par' dir='ltr' id='par_1_3' title="bbox 338 601 1627 704">
     <span class='ocr_line' id='line_1_8' title="bbox 338 601 1627 704; baseline 0.027 -51"><span class='ocrx_word' id='word_1_47' title='bbox 338 601 531 657; x_wconf 74' lang='lat' dir='ltr'>fiduciae</span> <span class='ocrx_word' id='word_1_48' title='bbox 555 625 769 668; x_wconf 86' lang='lat' dir='ltr'>manum.</span> <span class='ocrx_word' id='word_1_49' title='bbox 793 631 855 668; x_wconf 91' lang='lat' dir='ltr'>eo</span> <span class='ocrx_word' id='word_1_50' title='bbox 878 619 998 671; x_wconf 83' lang='lat' dir='ltr'>&amp;in</span> <span class='ocrx_word' id='word_1_51' title='bbox 1026 621 1314 689; x_wconf 88' lang='lat' dir='ltr'>postremam</span> <span class='ocrx_word' id='word_1_52' title='bbox 1337 629 1491 683; x_wconf 84' lang='lat' dir='ltr'>aciem</span> <span class='ocrx_word' id='word_1_53' title='bbox 1514 635 1627 704; x_wconf 81' lang='lat' dir='ltr'>reji-</span> 
     </span>
    </p>
   </div>
   <div class='ocr_carea' id='block_1_4' title="bbox 117 196 320 295">
    <p class='ocr_par' dir='ltr' id='par_1_4' title="bbox 117 196 320 295">
     <span class='ocr_line' id='line_1_9' title="bbox 130 196 320 245; baseline 0.037 -12"><span class='ocrx_word' id='word_1_54' title='bbox 130 196 320 245; x_wconf 70' lang='lat' dir='ltr'>U.c.415.</span> 
     </span>
     <span class='ocr_line' id='line_1_10' title="bbox 117 246 319 295; baseline 0.045 -15"><span class='ocrx_word' id='word_1_55' title='bbox 117 246 213 284; x_wconf 76' lang='lat' dir='ltr'>-a.C.</span> <span class='ocrx_word' id='word_1_56' title='bbox 232 260 319 295; x_wconf 81' lang='lat'>337·</span> 
     </span>
    </p>
   </div>
   <div class='ocr_carea' id='block_1_5' title="bbox 393 740 1576 821">
    <p class='ocr_par' dir='ltr' id='par_1_5' title="bbox 393 740 1576 821">
     <span class='ocr_line' id='line_1_11' title="bbox 393 740 1576 821; baseline 0.029 -35"><span class='ocrx_word' id='word_1_57' title='bbox 393 740 691 795; x_wconf 84' lang='lat' dir='ltr'><em>TEXTUS</em></span> <span class='ocrx_word' id='word_1_58' title='bbox 725 752 770 797; x_wconf 87' lang='lat' dir='ltr'><em>A</em></span> <span class='ocrx_word' id='word_1_59' title='bbox 805 757 1053 805; x_wconf 83' lang='lat' dir='ltr'><strong><em>LIPSIO</em></strong></span> <span class='ocrx_word' id='word_1_60' title='bbox 1093 763 1576 821; x_wconf 85' lang='lat' dir='ltr'><em>EMENDATUS.</em></span> 
     </span>
    </p>
   </div>
   <div class='ocr_carea' id='block_1_6' title="bbox 336 869 389 906">
    <p class='ocr_par' dir='ltr' id='par_1_6' title="bbox 336 869 389 906">
     <span class='ocr_line' id='line_1_12' title="bbox 336 869 389 906; baseline -0.019 0"><span class='ocrx_word' id='word_1_61' title='bbox 336 869 389 906; x_wconf 71' lang='lat'>16</span> 
     </span>
    </p>
   </div>
   <div class='ocr_carea' id='block_1_7' title="bbox 331 936 853 1074">
    <p class='ocr_par' dir='ltr' id='par_1_7' title="bbox 331 936 853 1074">
     <span class='ocr_line' id='line_1_13' title="bbox 331 936 853 1012; baseline 0.034 -27"><span class='ocrx_word' id='word_1_62' title='bbox 331 936 400 1012; x_wconf 69' lang='lat' dir='ltr'>xii</span> <span class='ocrx_word' id='word_1_63' title='bbox 425 938 464 989; x_wconf 88' lang='lat' dir='ltr'>is</span> <span class='ocrx_word' id='word_1_64' title='bbox 495 943 777 1000; x_wconf 85' lang='lat' dir='ltr'>constabat:</span> <span class='ocrx_word' id='word_1_65' title='bbox 806 961 853 997; x_wconf 88' lang='lat'>¹9</span> 
     </span>
     <span class='ocr_line' id='line_1_14' title="bbox 332 1020 713 1074; baseline 0.037 -21"><span class='ocrx_word' id='word_1_66' title='bbox 332 1020 490 1057; x_wconf 76' lang='lat' dir='ltr'>mines</span> <span class='ocrx_word' id='word_1_67' title='bbox 522 1021 713 1074; x_wconf 64' lang='lat' dir='ltr'>erant-J</span> 
     </span>
    </p>
   </div>
   <div class='ocr_carea' id='block_1_8' title="bbox 302 1185 944 2329">
    <p class='ocr_par' dir='ltr' id='par_1_8' title="bbox 314 1185 944 1615">
     <span class='ocr_line' id='line_1_15' title="bbox 382 1185 944 1240; baseline 0.028 -19"><span class='ocrx_word' id='word_1_68' title='bbox 382 1193 430 1222; x_wconf 89' lang='lat'>16</span> <span class='ocrx_word' id='word_1_69' title='bbox 455 1185 647 1240; x_wconf 83' lang='lat' dir='ltr'><em>Primam]</em></span> <span class='ocrx_word' id='word_1_70' title='bbox 675 1190 702 1229; x_wconf 75' lang='grc' dir='ltr'>Ε</span> <span class='ocrx_word' id='word_1_71' title='bbox 723 1191 846 1234; x_wconf 79' lang='lat' dir='ltr'>tribus</span> <span class='ocrx_word' id='word_1_72' title='bbox 865 1195 944 1237; x_wconf 81' lang='lat' dir='ltr'>illis</span> 
     </span>
     <span class='ocr_line' id='line_1_16' title="bbox 327 1239 943 1303; baseline 0.026 -29"><span class='ocrx_word' id='word_1_73' title='bbox 327 1239 507 1290; x_wconf 77' lang='lat' dir='ltr'>partibus</span> <span class='ocrx_word' id='word_1_74' title='bbox 534 1245 717 1296; x_wconf 88' lang='lat' dir='ltr'>cujusque</span> <span class='ocrx_word' id='word_1_75' title='bbox 747 1251 943 1303; x_wconf 83' lang='lat' dir='ltr'>manipuli</span> 
     </span>
     <span class='ocr_line' id='line_1_17' title="bbox 323 1294 940 1344; baseline 0.026 -15"><span class='ocrx_word' id='word_1_76' title='bbox 323 1294 501 1343; x_wconf 83' lang='lat' dir='ltr'>primam</span> <span class='ocrx_word' id='word_1_77' title='bbox 548 1300 746 1338; x_wconf 84' lang='lat' dir='ltr'>vocabant</span> <span class='ocrx_word' id='word_1_78' title='bbox 795 1304 940 1344; x_wconf 84' lang='lat' dir='ltr'>Pilum.</span> 
     </span>
     <span class='ocr_line' id='line_1_18' title="bbox 324 1346 937 1405; baseline 0.026 -23"><span class='ocrx_word' id='word_1_79' title='bbox 324 1346 511 1387; x_wconf 83' lang='lat' dir='ltr'>Absurda</span> <span class='ocrx_word' id='word_1_80' title='bbox 535 1349 587 1389; x_wconf 86' lang='lat' dir='ltr'>est</span> <span class='ocrx_word' id='word_1_81' title='bbox 609 1353 771 1405; x_wconf 80' lang='lat' dir='ltr'>vulgata</span> <span class='ocrx_word' id='word_1_82' title='bbox 798 1356 937 1399; x_wconf 65' lang='lat' dir='ltr'>leffio:</span> 
     </span>
     <span class='ocr_line' id='line_1_19' title="bbox 319 1411 940 1464; baseline 0.027 -29"><span class='ocrx_word' id='word_1_83' title='bbox 319 1411 450 1438; x_wconf 74' lang='lat' dir='ltr'>earum</span> <span class='ocrx_word' id='word_1_84' title='bbox 466 1416 769 1462; x_wconf 71' lang='lat' dir='ltr'><em>unamquamque</em></span> <span class='ocrx_word' id='word_1_85' title='bbox 782 1412 940 1464; x_wconf 80' lang='lat' dir='ltr'>primum</span> 
     </span>
     <span class='ocr_line' id='line_1_20' title="bbox 314 1450 937 1509; baseline 0.027 -20"><span class='ocrx_word' id='word_1_86' title='bbox 314 1450 438 1506; x_wconf 73' lang='lat' dir='ltr'>pilum</span> <span class='ocrx_word' id='word_1_87' title='bbox 465 1458 668 1500; x_wconf 75' lang='lat' dir='ltr'>vocabant.</span> <span class='ocrx_word' id='word_1_88' title='bbox 697 1463 803 1509; x_wconf 88' lang='lat' dir='ltr'><strong>Quid</strong></span> <span class='ocrx_word' id='word_1_89' title='bbox 830 1468 937 1506; x_wconf 83' lang='lat' dir='ltr'>enim</span> 
     </span>
     <span class='ocr_line' id='line_1_21' title="bbox 319 1504 934 1572; baseline 0.028 -29"><span class='ocrx_word' id='word_1_90' title='bbox 319 1504 472 1547; x_wconf 84' lang='lat' dir='ltr'>stultius</span> <span class='ocrx_word' id='word_1_91' title='bbox 486 1538 499 1558; x_wconf 88' lang='lat'><strong><em>,</em></strong></span> <span class='ocrx_word' id='word_1_92' title='bbox 523 1511 645 1564; x_wconf 59' lang='lat' dir='ltr'>qudm</span> <span class='ocrx_word' id='word_1_93' title='bbox 660 1513 826 1568; x_wconf 78' lang='lat' dir='ltr'>singulas</span> <span class='ocrx_word' id='word_1_94' title='bbox 841 1533 934 1572; x_wconf 87' lang='lat' dir='ltr'>par-</span> 
     </span>
     <span class='ocr_line' id='line_1_22' title="bbox 318 1564 730 1615; baseline 0.029 -18"><span class='ocrx_word' id='word_1_95' title='bbox 318 1570 375 1598; x_wconf 85' lang='lat' dir='ltr'>tes</span> <span class='ocrx_word' id='word_1_96' title='bbox 398 1564 539 1615; x_wconf 82' lang='lat' dir='ltr'>primas</span> <span class='ocrx_word' id='word_1_97' title='bbox 569 1567 696 1607; x_wconf 81' lang='lat' dir='ltr'>dicere</span> <span class='ocrx_word' id='word_1_98' title='bbox 709 1573 730 1609; x_wconf 59' lang='grc' dir='ltr'><em>ἲ</em></span> 
     </span>
    </p>

    <p class='ocr_par' dir='ltr' id='par_1_9' title="bbox 302 1614 932 2329">
     <span class='ocr_line' id='line_1_23' title="bbox 363 1614 932 1678; baseline 0.032 -28"><span class='ocrx_word' id='word_1_99' title='bbox 363 1614 427 1659; x_wconf 62' lang='lat'>‘17</span> <span class='ocrx_word' id='word_1_100' title='bbox 466 1616 623 1672; x_wconf 83' lang='lat' dir='ltr'>Pilum]</span> <span class='ocrx_word' id='word_1_101' title='bbox 663 1623 793 1663; x_wconf 81' lang='lat' dir='ltr'>Pilum</span> <span class='ocrx_word' id='word_1_102' title='bbox 835 1640 932 1678; x_wconf 83' lang='lat' dir='ltr'>pro-</span> 
     </span>
     <span class='ocr_line' id='line_1_24' title="bbox 314 1670 931 1728; baseline 0.028 -24"><span class='ocrx_word' id='word_1_103' title='bbox 314 1670 449 1720; x_wconf 79' lang='lat' dir='ltr'>prium</span> <span class='ocrx_word' id='word_1_104' title='bbox 487 1670 615 1715; x_wconf 86' lang='lat' dir='ltr'>fuerat</span> <span class='ocrx_word' id='word_1_105' title='bbox 643 1677 777 1728; x_wconf 78' lang='lat' dir='ltr'>primo</span> <span class='ocrx_word' id='word_1_106' title='bbox 810 1680 931 1721; x_wconf 88' lang='lat' dir='ltr'>telum</span> 
     </span>
     <span class='ocr_line' id='line_1_25' title="bbox 313 1725 931 1773; baseline 0.026 -15"><span class='ocrx_word' id='word_1_107' title='bbox 313 1725 595 1767; x_wconf 79' lang='lat' dir='ltr'>Triariorum:</span> <span class='ocrx_word' id='word_1_108' title='bbox 620 1730 720 1771; x_wconf 89' lang='lat' dir='ltr'>unde</span> <span class='ocrx_word' id='word_1_109' title='bbox 752 1735 792 1771; x_wconf 87' lang='lat'>&amp;</span> <span class='ocrx_word' id='word_1_110' title='bbox 827 1734 931 1773; x_wconf 70' lang='lat' dir='ltr'>Pila-</span> 
     </span>
     <span class='ocr_line' id='line_1_26' title="bbox 311 1783 927 1829; baseline 0.028 -16"><span class='ocrx_word' id='word_1_111' title='bbox 311 1789 383 1815; x_wconf 83' lang='lat' dir='ltr'>nos</span> <span class='ocrx_word' id='word_1_112' title='bbox 398 1791 463 1817; x_wconf 91' lang='lat' dir='ltr'>eos</span> <span class='ocrx_word' id='word_1_113' title='bbox 478 1807 491 1827; x_wconf 84' lang='lat'>‚</span> <span class='ocrx_word' id='word_1_114' title='bbox 513 1783 553 1819; x_wconf 67' lang='grc' dir='ltr'>ἃ</span> <span class='ocrx_word' id='word_1_115' title='bbox 574 1793 704 1824; x_wconf 87' lang='lat' dir='ltr'>totum</span> <span class='ocrx_word' id='word_1_116' title='bbox 723 1786 837 1826; x_wconf 84' lang='lat' dir='ltr'>illum</span> <span class='ocrx_word' id='word_1_117' title='bbox 859 1803 927 1829; x_wconf 88' lang='lat' dir='ltr'>or·</span> 
     </span>
     <span class='ocr_line' id='line_1_27' title="bbox 310 1828 925 1892; baseline 0.026 -25"><span class='ocrx_word' id='word_1_118' title='bbox 310 1828 448 1871; x_wconf 86' lang='lat' dir='ltr'>dinem</span> <span class='ocrx_word' id='word_1_119' title='bbox 490 1834 614 1873; x_wconf 80' lang='lat' dir='ltr'>Pilum</span> <span class='ocrx_word' id='word_1_120' title='bbox 657 1841 925 1892; x_wconf 83' lang='lat' dir='ltr'>appellabant.</span> 
     </span>
     <span class='ocr_line' id='line_1_28' title="bbox 310 1884 925 1939; baseline 0.026 -18"><span class='ocrx_word' id='word_1_121' title='bbox 310 1884 447 1925; x_wconf 90' lang='lat' dir='ltr'>Postea</span> <span class='ocrx_word' id='word_1_122' title='bbox 467 1887 552 1939; x_wconf 86' lang='lat' dir='ltr'>pilo</span> <span class='ocrx_word' id='word_1_123' title='bbox 575 1891 726 1932; x_wconf 83' lang='lat' dir='ltr'>Hastati</span> <span class='ocrx_word' id='word_1_124' title='bbox 750 1898 790 1934; x_wconf 85' lang='lat'>&amp;</span> <span class='ocrx_word' id='word_1_125' title='bbox 815 1900 925 1936; x_wconf 83' lang='lat' dir='ltr'>Prin-</span> 
     </span>
     <span class='ocr_line' id='line_1_29' title="bbox 308 1940 925 1993; baseline 0.031 -19"><span class='ocrx_word' id='word_1_126' title='bbox 308 1940 412 1990; x_wconf 84' lang='lat' dir='ltr'>cipes</span> <span class='ocrx_word' id='word_1_127' title='bbox 445 1940 497 1980; x_wconf 79' lang='lat' dir='ltr'>ufi</span> <span class='ocrx_word' id='word_1_128' title='bbox 521 1948 696 1986; x_wconf 82' lang='lat' dir='ltr'>:Triarii</span> <span class='ocrx_word' id='word_1_129' title='bbox 725 1949 820 1988; x_wconf 77' lang='lat' dir='ltr'>vero</span> <span class='ocrx_word' id='word_1_130' title='bbox 881 1962 925 1993; x_wconf 83' lang='lat' dir='ltr'>ro</span> 
     </span>
     <span class='ocr_line' id='line_1_30' title="bbox 305 1992 921 2050; baseline 0.029 -22"><span class='ocrx_word' id='word_1_131' title='bbox 305 1993 398 2043; x_wconf 79' lang='lat' dir='ltr'>pilis</span> <span class='ocrx_word' id='word_1_132' title='bbox 445 1992 729 2050; x_wconf 83' lang='lat' dir='ltr'>assumpserunt</span> <span class='ocrx_word' id='word_1_133' title='bbox 780 2005 831 2044; x_wconf 84' lang='lat' dir='ltr'>ha</span> <span class='ocrx_word' id='word_1_134' title='bbox 868 2020 921 2046; x_wconf 87' lang='lat' dir='ltr'>as.</span> 
     </span>
     <span class='ocr_line' id='line_1_31' title="bbox 306 2046 924 2112; baseline 0.028 -29"><span class='ocrx_word' id='word_1_135' title='bbox 306 2046 402 2085; x_wconf 84' lang='lat' dir='ltr'>vid.</span> <span class='ocrx_word' id='word_1_136' title='bbox 422 2049 561 2100; x_wconf 89' lang='lat' dir='ltr'>Polyb.</span> <span class='ocrx_word' id='word_1_137' title='bbox 581 2053 607 2091; x_wconf 92' lang='lat' dir='ltr'>l.</span> <span class='ocrx_word' id='word_1_138' title='bbox 626 2059 695 2093; x_wconf 90' lang='lat' dir='ltr'>VI.</span> <span class='ocrx_word' id='word_1_139' title='bbox 714 2060 838 2098; x_wconf 84' lang='lat' dir='ltr'>Porro</span> <span class='ocrx_word' id='word_1_140' title='bbox 849 2061 924 2112; x_wconf 82' lang='lat' dir='ltr'>pili</span> 
     </span>
     <span class='ocr_line' id='line_1_32' title="bbox 303 2098 922 2154; baseline 0.029 -18"><span class='ocrx_word' id='word_1_141' title='bbox 303 2098 447 2141; x_wconf 85' lang='lat' dir='ltr'>hastile</span> <span class='ocrx_word' id='word_1_142' title='bbox 485 2117 568 2144; x_wconf 83' lang='lat' dir='ltr'>erat</span> <span class='ocrx_word' id='word_1_143' title='bbox 605 2110 726 2148; x_wconf 84' lang='lat' dir='ltr'>trium</span> <span class='ocrx_word' id='word_1_144' title='bbox 768 2114 922 2154; x_wconf 80' lang='lat' dir='ltr'>cubito-</span> 
     </span>
     <span class='ocr_line' id='line_1_33' title="bbox 302 2157 921 2208; baseline 0.031 -17"><span class='ocrx_word' id='word_1_145' title='bbox 302 2164 396 2193; x_wconf 78' lang='lat' dir='ltr'>rum</span> <span class='ocrx_word' id='word_1_146' title='bbox 412 2172 420 2195; x_wconf 90' lang='lat'>:</span> <span class='ocrx_word' id='word_1_147' title='bbox 438 2157 586 2198; x_wconf 82' lang='lat' dir='ltr'>ferrum</span> <span class='ocrx_word' id='word_1_148' title='bbox 601 2162 775 2205; x_wconf 78' lang='lat' dir='ltr'>exstabat</span> <span class='ocrx_word' id='word_1_149' title='bbox 789 2167 839 2207; x_wconf 88' lang='lat' dir='ltr'>ad</span> <span class='ocrx_word' id='word_1_150' title='bbox 855 2182 921 2208; x_wconf 90' lang='lat' dir='ltr'>cu-</span> 
     </span>
     <span class='ocr_line' id='line_1_34' title="bbox 302 2207 919 2275; baseline 0.031 -31"><span class='ocrx_word' id='word_1_151' title='bbox 302 2207 434 2248; x_wconf 74' lang='lat' dir='ltr'>bitum</span> <span class='ocrx_word' id='word_1_152' title='bbox 466 2214 507 2251; x_wconf 89' lang='lat'>&amp;</span> <span class='ocrx_word' id='word_1_153' title='bbox 538 2214 744 2258; x_wconf 82' lang='lat' dir='ltr'>semissem.</span> <span class='ocrx_word' id='word_1_154' title='bbox 782 2225 919 2275; x_wconf 84' lang='lat' dir='ltr'>Itaque</span> 
     </span>
     <span class='ocr_line' id='line_1_35' title="bbox 302 2261 917 2329; baseline 0.031 -31"><span class='ocrx_word' id='word_1_155' title='bbox 302 2261 403 2312; x_wconf 84' lang='lat' dir='ltr'>justa</span> <span class='ocrx_word' id='word_1_156' title='bbox 439 2264 649 2319; x_wconf 87' lang='lat' dir='ltr'>longitudo</span> <span class='ocrx_word' id='word_1_157' title='bbox 688 2275 807 2313; x_wconf 82' lang='lat' dir='ltr'>totius</span> <span class='ocrx_word' id='word_1_158' title='bbox 844 2278 917 2329; x_wconf 82' lang='lat' dir='ltr'>pili</span> 
     </span>
    </p>
   </div>
   <div class='ocr_carea' id='block_1_9' title="bbox 297 2324 914 2423">
    <p class='ocr_par' dir='ltr' id='par_1_10' title="bbox 297 2324 914 2423">
     <span class='ocr_line' id='line_1_36' title="bbox 298 2324 914 2370; baseline 0.029 -17"><span class='ocrx_word' id='word_1_159' title='bbox 298 2328 384 2356; x_wconf 84' lang='lat' dir='ltr'>erat</span> <span class='ocrx_word' id='word_1_160' title='bbox 398 2332 568 2370; x_wconf 86' lang='lat' dir='ltr'>quatuor</span> <span class='ocrx_word' id='word_1_161' title='bbox 582 2324 809 2368; x_wconf 82' lang='lat' dir='ltr'>cubitorum</span> <span class='ocrx_word' id='word_1_162' title='bbox 824 2343 914 2370; x_wconf 87' lang='lat' dir='ltr'>cum</span> 
     </span>
     <span class='ocr_line' id='line_1_37' title="bbox 297 2370 490 2423; baseline 0.036 -16"><span class='ocrx_word' id='word_1_163' title='bbox 297 2370 451 2412; x_wconf 71' lang='lat' dir='ltr'>semisse</span> <span class='ocrx_word' id='word_1_164' title='bbox 476 2403 490 2423; x_wconf 93' lang='lat'>‚</span> 
     </span>
    </p>
   </div>
   <div class='ocr_carea' id='block_1_10' title="bbox 293 2425 453 2477">
    <p class='ocr_par' dir='ltr' id='par_1_11' title="bbox 293 2425 453 2477">
     <span class='ocr_line' id='line_1_38' title="bbox 293 2425 453 2477; baseline 0.025 -15"><span class='ocrx_word' id='word_1_165' title='bbox 293 2425 453 2477; x_wconf 86' lang='lat' dir='ltr'>pedum.</span> 
     </span>
    </p>
   </div>
   <div class='ocr_carea' id='block_1_11' title="bbox 438 873 1619 1033">
    <p class='ocr_par' dir='ltr' id='par_1_12' title="bbox 438 873 1619 1033">
     <span class='ocr_line' id='line_1_39' title="bbox 438 873 1619 955; baseline 0.029 -35"><span class='ocrx_word' id='word_1_166' title='bbox 438 873 605 925; x_wconf 85' lang='lat' dir='ltr'>rimam</span> <span class='ocrx_word' id='word_1_167' title='bbox 632 885 679 920; x_wconf 88' lang='lat'>1⁷</span> <span class='ocrx_word' id='word_1_168' title='bbox 704 880 865 936; x_wconf 86' lang='lat' dir='ltr'>Pilum</span> <span class='ocrx_word' id='word_1_169' title='bbox 886 887 1151 945; x_wconf 82' lang='lat' dir='ltr'>vocabant.</span> <span class='ocrx_word' id='word_1_170' title='bbox 1178 896 1225 928; x_wconf 79' lang='lat'>18</span> <span class='ocrx_word' id='word_1_171' title='bbox 1250 897 1430 950; x_wconf 87' lang='lat' dir='ltr'>Tribus</span> <span class='ocrx_word' id='word_1_172' title='bbox 1456 916 1515 951; x_wconf 83' lang='lat' dir='ltr'>ex</span> <span class='ocrx_word' id='word_1_173' title='bbox 1534 919 1619 955; x_wconf 86' lang='lat' dir='ltr'>ve-</span> 
     </span>
     <span class='ocr_line' id='line_1_40' title="bbox 890 960 1614 1033; baseline 0.026 -27"><span class='ocrx_word' id='word_1_174' title='bbox 890 970 1092 1010; x_wconf 80' lang='lat' dir='ltr'>centum</span> <span class='ocrx_word' id='word_1_175' title='bbox 1126 960 1379 1033; x_wconf 60' lang='lat' dir='ltr'>octoginta</span> <span class='ocrx_word' id='word_1_176' title='bbox 1409 968 1489 1020; x_wconf 86' lang='lat' dir='ltr'>sex</span> <span class='ocrx_word' id='word_1_177' title='bbox 1520 968 1614 1025; x_wconf 86' lang='lat' dir='ltr'>ho-</span> 
     </span>
    </p>
   </div>
   <div class='ocr_carea' id='block_1_12' title="bbox 993 1200 1609 1468">
    <p class='ocr_par' dir='ltr' id='par_1_13' title="bbox 996 1200 1154 1246">
     <span class='ocr_line' id='line_1_41' title="bbox 996 1200 1154 1246; baseline 0.025 -8"><span class='ocrx_word' id='word_1_178' title='bbox 996 1200 1154 1246; x_wconf 74' lang='lat' dir='ltr'>vexilla.</span> 
     </span>
    </p>

    <p class='ocr_par' dir='ltr' id='par_1_14' title="bbox 993 1260 1609 1468">
     <span class='ocr_line' id='line_1_42' title="bbox 1054 1260 1607 1320; baseline 0.029 -28"><span class='ocrx_word' id='word_1_179' title='bbox 1054 1265 1101 1303; x_wconf 79' lang='lat'>19</span> <span class='ocrx_word' id='word_1_180' title='bbox 1138 1260 1289 1298; x_wconf 70' lang='lat' dir='ltr'>Centum</span> <span class='ocrx_word' id='word_1_181' title='bbox 1319 1261 1507 1317; x_wconf 66' lang='lat' dir='ltr'>oHoginta</span> <span class='ocrx_word' id='word_1_182' title='bbox 1534 1266 1607 1320; x_wconf 67' lang='lat' dir='ltr'>fix</span> 
     </span>
     <span class='ocr_line' id='line_1_43' title="bbox 994 1304 1608 1365; baseline 0.029 -21"><span class='ocrx_word' id='word_1_183' title='bbox 994 1304 1161 1349; x_wconf 86' lang='lat' dir='ltr'>homines</span> <span class='ocrx_word' id='word_1_184' title='bbox 1178 1323 1282 1351; x_wconf 80' lang='lat' dir='ltr'>erant</span> <span class='ocrx_word' id='word_1_185' title='bbox 1298 1320 1313 1365; x_wconf 89' lang='lat'>]</span> <span class='ocrx_word' id='word_1_186' title='bbox 1341 1321 1387 1355; x_wconf 91' lang='lat' dir='ltr'>In</span> <span class='ocrx_word' id='word_1_187' title='bbox 1403 1319 1527 1359; x_wconf 87' lang='lat' dir='ltr'>tribus</span> <span class='ocrx_word' id='word_1_188' title='bbox 1541 1335 1608 1361; x_wconf 91' lang='lat' dir='ltr'>ve-</span> 
     </span>
     <span class='ocr_line' id='line_1_44' title="bbox 993 1361 1609 1428; baseline 0.028 -30"><span class='ocrx_word' id='word_1_189' title='bbox 993 1361 1111 1401; x_wconf 77' lang='lat' dir='ltr'>xiuis.</span> <span class='ocrx_word' id='word_1_190' title='bbox 1133 1366 1278 1406; x_wconf 82' lang='lat' dir='ltr'>Merito</span> <span class='ocrx_word' id='word_1_191' title='bbox 1296 1370 1422 1410; x_wconf 82' lang='lat' dir='ltr'>eradit</span> <span class='ocrx_word' id='word_1_192' title='bbox 1437 1372 1503 1413; x_wconf 83' lang='lat' dir='ltr'>hic</span> <span class='ocrx_word' id='word_1_193' title='bbox 1520 1377 1609 1428; x_wconf 81' lang='lat' dir='ltr'>Lip-</span> 
     </span>
     <span class='ocr_line' id='line_1_45' title="bbox 994 1412 1604 1468; baseline 0.026 -16"><span class='ocrx_word' id='word_1_194' title='bbox 994 1412 1066 1454; x_wconf 81' lang='lat' dir='ltr'>fius</span> <span class='ocrx_word' id='word_1_195' title='bbox 1079 1429 1217 1458; x_wconf 88' lang='lat' dir='ltr'>vocem</span> <span class='ocrx_word' id='word_1_196' title='bbox 1234 1421 1434 1465; x_wconf 82' lang='lat' dir='ltr'>vexillum.</span> <span class='ocrx_word' id='word_1_197' title='bbox 1452 1430 1486 1465; x_wconf 88' lang='lat' dir='ltr'>Si</span> <span class='ocrx_word' id='word_1_198' title='bbox 1499 1432 1604 1468; x_wconf 87' lang='lat' dir='ltr'>enim</span> 
     </span>
    </p>
   </div>
   <div class='ocr_carea' id='block_1_13' title="bbox 991 1469 1606 1582">
    <p class='ocr_par' dir='ltr' id='par_1_15' title="bbox 991 1469 1606 1582">
     <span class='ocr_line' id='line_1_46' title="bbox 992 1469 1606 1525; baseline 0.026 -18"><span class='ocrx_word' id='word_1_199' title='bbox 992 1469 1033 1507; x_wconf 90' lang='lat' dir='ltr'>in</span> <span class='ocrx_word' id='word_1_200' title='bbox 1062 1483 1218 1525; x_wconf 84' lang='lat' dir='ltr'>quoque</span> <span class='ocrx_word' id='word_1_201' title='bbox 1245 1477 1391 1517; x_wconf 81' lang='lat' dir='ltr'>vexillo</span> <span class='ocrx_word' id='word_1_202' title='bbox 1423 1481 1606 1523; x_wconf 82' lang='lat' dir='ltr'>homines</span> 
     </span>
     <span class='ocr_line' id='line_1_47' title="bbox 991 1528 1604 1582; baseline 0.028 -22"><span class='ocrx_word' id='word_1_203' title='bbox 991 1535 1145 1565; x_wconf 88' lang='lat' dir='ltr'>centum</span> <span class='ocrx_word' id='word_1_204' title='bbox 1165 1528 1364 1581; x_wconf 68' lang='lat' dir='ltr'>o&amp;oginta</span> <span class='ocrx_word' id='word_1_205' title='bbox 1382 1533 1443 1571; x_wconf 86' lang='lat' dir='ltr'>sex</span> <span class='ocrx_word' id='word_1_206' title='bbox 1459 1564 1470 1582; x_wconf 93' lang='lat'>,</span> <span class='ocrx_word' id='word_1_207' title='bbox 1491 1549 1604 1577; x_wconf 82' lang='lat' dir='ltr'>erunt</span> 
     </span>
    </p>
   </div>
   <div class='ocr_carea' id='block_1_14' title="bbox 958 1578 1680 1693">
    <p class='ocr_par' dir='ltr' id='par_1_16' title="bbox 958 1578 1680 1693">
     <span class='ocr_line' id='line_1_48' title="bbox 958 1578 1589 1636; baseline 0.025 -23"><span class='ocrx_word' id='word_1_208' title='bbox 958 1605 960 1607; x_wconf 88' lang='lat'>.</span> <span class='ocrx_word' id='word_1_209' title='bbox 989 1578 1032 1615; x_wconf 85' lang='lat' dir='ltr'>in</span> <span class='ocrx_word' id='word_1_210' title='bbox 1048 1578 1131 1618; x_wconf 86' lang='lat' dir='ltr'>sola</span> <span class='ocrx_word' id='word_1_211' title='bbox 1150 1581 1225 1620; x_wconf 88' lang='lat' dir='ltr'>hac</span> <span class='ocrx_word' id='word_1_212' title='bbox 1243 1586 1356 1623; x_wconf 83' lang='lat' dir='ltr'>tertia</span> <span class='ocrx_word' id='word_1_213' title='bbox 1369 1590 1451 1626; x_wconf 89' lang='lat' dir='ltr'>acie</span> <span class='ocrx_word' id='word_1_214' title='bbox 1471 1591 1589 1636; x_wconf 79' lang='lat'><em>5580.</em></span> 
     </span>
     <span class='ocr_line' id='line_1_49' title="bbox 1044 1636 1680 1693; baseline 0.025 -24"><span class='ocrx_word' id='word_1_215' title='bbox 1044 1645 1093 1670; x_wconf 89' lang='lat'>20</span> <span class='ocrx_word' id='word_1_216' title='bbox 1122 1636 1322 1688; x_wconf 79' lang='lat' dir='ltr'>Triarios]</span> <span class='ocrx_word' id='word_1_217' title='bbox 1360 1642 1420 1679; x_wconf 87' lang='lat' dir='ltr'>Sic</span> <span class='ocrx_word' id='word_1_218' title='bbox 1444 1641 1566 1683; x_wconf 63' lang='lat' dir='ltr'>distes</span> <span class='ocrx_word' id='word_1_219' title='bbox 1585 1672 1600 1693; x_wconf 90' lang='lat'>‚</span> <span class='ocrx_word' id='word_1_220' title='bbox 1677 1683 1680 1685; x_wconf 79' lang='lat'><em>.</em></span> 
     </span>
    </p>
   </div>
   <div class='ocr_carea' id='block_1_15' title="bbox 971 1683 1601 2393">
    <p class='ocr_par' dir='ltr' id='par_1_17' title="bbox 987 1683 1601 1789">
     <span class='ocr_line' id='line_1_50' title="bbox 988 1683 1601 1745; baseline 0.026 -23"><span class='ocrx_word' id='word_1_221' title='bbox 988 1683 1077 1724; x_wconf 89' lang='lat' dir='ltr'>teste</span> <span class='ocrx_word' id='word_1_222' title='bbox 1094 1692 1274 1729; x_wconf 86' lang='lat' dir='ltr'>Varrone</span> <span class='ocrx_word' id='word_1_223' title='bbox 1288 1719 1300 1739; x_wconf 90' lang='lat'>‚</span> <span class='ocrx_word' id='word_1_224' title='bbox 1332 1691 1437 1745; x_wconf 72' lang='lat' dir='ltr'>quod</span> <span class='ocrx_word' id='word_1_225' title='bbox 1460 1698 1499 1734; x_wconf 86' lang='lat' dir='ltr'>in</span> <span class='ocrx_word' id='word_1_226' title='bbox 1517 1700 1601 1738; x_wconf 86' lang='lat' dir='ltr'>acie</span> 
     </span>
     <span class='ocr_line' id='line_1_51' title="bbox 987 1742 1538 1789; baseline 0.024 -13"><span class='ocrx_word' id='word_1_227' title='bbox 987 1742 1104 1778; x_wconf 87' lang='lat' dir='ltr'>tertio</span> <span class='ocrx_word' id='word_1_228' title='bbox 1128 1742 1265 1783; x_wconf 81' lang='lat' dir='ltr'>ordine</span> <span class='ocrx_word' id='word_1_229' title='bbox 1289 1745 1538 1789; x_wconf 80' lang='lat' dir='ltr'>locabantur.</span> 
     </span>
    </p>

    <p class='ocr_par' dir='ltr' id='par_1_18' title="bbox 977 1798 1596 2119">
     <span class='ocr_line' id='line_1_52' title="bbox 1027 1798 1596 1849; baseline 0.03 -20"><span class='ocrx_word' id='word_1_230' title='bbox 1027 1804 1072 1830; x_wconf 89' lang='lat'>21</span> <span class='ocrx_word' id='word_1_231' title='bbox 1098 1798 1309 1849; x_wconf 77' lang='lat' dir='ltr'>Rorarios]</span> <span class='ocrx_word' id='word_1_232' title='bbox 1334 1805 1493 1842; x_wconf 81' lang='lat' dir='ltr'>Rotarii</span> <span class='ocrx_word' id='word_1_233' title='bbox 1516 1807 1596 1846; x_wconf 85' lang='lat' dir='ltr'>mi·</span> 
     </span>
     <span class='ocr_line' id='line_1_53' title="bbox 981 1844 1593 1909; baseline 0.028 -26"><span class='ocrx_word' id='word_1_234' title='bbox 981 1844 1067 1886; x_wconf 87' lang='lat' dir='ltr'>lites</span> <span class='ocrx_word' id='word_1_235' title='bbox 1109 1849 1198 1889; x_wconf 87' lang='lat' dir='ltr'>inde</span> <span class='ocrx_word' id='word_1_236' title='bbox 1237 1852 1328 1891; x_wconf 62' lang='lat' dir='ltr'>dieti</span> <span class='ocrx_word' id='word_1_237' title='bbox 1368 1856 1593 1909; x_wconf 81' lang='lat' dir='ltr'>videntur,</span> 
     </span>
     <span class='ocr_line' id='line_1_54' title="bbox 981 1899 1590 1956; baseline 0.025 -18"><span class='ocrx_word' id='word_1_238' title='bbox 981 1899 1088 1951; x_wconf 75' lang='lat' dir='ltr'>quod</span> <span class='ocrx_word' id='word_1_239' title='bbox 1120 1917 1243 1956; x_wconf 87' lang='lat' dir='ltr'>quum</span> <span class='ocrx_word' id='word_1_240' title='bbox 1276 1908 1412 1949; x_wconf 84' lang='lat' dir='ltr'>leviter</span> <span class='ocrx_word' id='word_1_241' title='bbox 1441 1917 1590 1953; x_wconf 78' lang='lat' dir='ltr'>armati</span> 
     </span>
     <span class='ocr_line' id='line_1_55' title="bbox 979 1951 1592 2011; baseline 0.026 -20"><span class='ocrx_word' id='word_1_242' title='bbox 979 1951 1098 1995; x_wconf 80' lang='lat' dir='ltr'>effent</span> <span class='ocrx_word' id='word_1_243' title='bbox 1125 1986 1138 2005; x_wconf 84' lang='lat'>‚</span> <span class='ocrx_word' id='word_1_244' title='bbox 1173 1961 1386 2011; x_wconf 83' lang='lat' dir='ltr'>quemdam</span> <span class='ocrx_word' id='word_1_245' title='bbox 1415 1976 1592 2006; x_wconf 85' lang='lat' dir='ltr'>tantum-</span> 
     </span>
     <span class='ocr_line' id='line_1_56' title="bbox 977 2009 1590 2061; baseline 0.026 -15"><span class='ocrx_word' id='word_1_246' title='bbox 977 2009 1102 2049; x_wconf 88' lang='lat' dir='ltr'>modo</span> <span class='ocrx_word' id='word_1_247' title='bbox 1139 2014 1341 2054; x_wconf 85' lang='lat' dir='ltr'>miffilium</span> <span class='ocrx_word' id='word_1_248' title='bbox 1376 2019 1483 2060; x_wconf 79' lang='lat' dir='ltr'>velut</span> <span class='ocrx_word' id='word_1_249' title='bbox 1523 2034 1590 2061; x_wconf 90' lang='lat' dir='ltr'>ro-</span> 
     </span>
     <span class='ocr_line' id='line_1_57' title="bbox 978 2065 1314 2119; baseline 0.027 -20"><span class='ocrx_word' id='word_1_250' title='bbox 978 2074 1060 2101; x_wconf 87' lang='lat' dir='ltr'>rem</span> <span class='ocrx_word' id='word_1_251' title='bbox 1080 2065 1314 2119; x_wconf 85' lang='lat' dir='ltr'>spargerent.</span> 
     </span>
    </p>

    <p class='ocr_par' dir='ltr' id='par_1_19' title="bbox 971 2122 1593 2393">
     <span class='ocr_line' id='line_1_58' title="bbox 1035 2122 1593 2178; baseline 0.025 -24"><span class='ocrx_word' id='word_1_252' title='bbox 1035 2129 1084 2155; x_wconf 80' lang='lat'>22</span> <span class='ocrx_word' id='word_1_253' title='bbox 1131 2122 1357 2174; x_wconf 64' lang='lat' dir='ltr'>Act-enfin]</span> <span class='ocrx_word' id='word_1_254' title='bbox 1402 2128 1593 2178; x_wconf 72' lang='lat' dir='ltr'>Accensos</span> 
     </span>
     <span class='ocr_line' id='line_1_59' title="bbox 973 2169 1588 2233; baseline 0.024 -26"><span class='ocrx_word' id='word_1_255' title='bbox 973 2169 1249 2225; x_wconf 81' lang='lat' dir='ltr'>interpretatur</span> <span class='ocrx_word' id='word_1_256' title='bbox 1267 2176 1394 2217; x_wconf 69' lang='lat' dir='ltr'>Festus</span> <span class='ocrx_word' id='word_1_257' title='bbox 1406 2208 1420 2228; x_wconf 89' lang='lat'><em>,</em></span> <span class='ocrx_word' id='word_1_258' title='bbox 1443 2183 1511 2233; x_wconf 81' lang='lat' dir='ltr'>qui</span> <span class='ocrx_word' id='word_1_259' title='bbox 1535 2182 1588 2222; x_wconf 86' lang='lat' dir='ltr'>ad</span> 
     </span>
     <span class='ocr_line' id='line_1_60' title="bbox 972 2227 1586 2287; baseline 0.023 -26"><span class='ocrx_word' id='word_1_260' title='bbox 972 2227 1130 2265; x_wconf 84' lang='lat' dir='ltr'>censum</span> <span class='ocrx_word' id='word_1_261' title='bbox 1174 2228 1376 2283; x_wconf 86' lang='lat' dir='ltr'>legionum</span> <span class='ocrx_word' id='word_1_262' title='bbox 1423 2235 1586 2287; x_wconf 77' lang='lat' dir='ltr'>adjicie-</span> 
     </span>
     <span class='ocr_line' id='line_1_61' title="bbox 973 2277 1584 2339; baseline 0.021 -23"><span class='ocrx_word' id='word_1_263' title='bbox 973 2277 1116 2319; x_wconf 82' lang='lat' dir='ltr'>bantur</span> <span class='ocrx_word' id='word_1_264' title='bbox 1134 2296 1142 2320; x_wconf 70' lang='grc' dir='ltr'>ι</span> <span class='ocrx_word' id='word_1_265' title='bbox 1162 2284 1187 2320; x_wconf 88' lang='lat' dir='ltr'>i.</span> <span class='ocrx_word' id='word_1_266' title='bbox 1219 2297 1252 2322; x_wconf 90' lang='lat' dir='ltr'>e.</span> <span class='ocrx_word' id='word_1_267' title='bbox 1286 2290 1352 2339; x_wconf 86' lang='lat' dir='ltr'>qui</span> <span class='ocrx_word' id='word_1_268' title='bbox 1378 2297 1485 2327; x_wconf 85' lang='lat' dir='ltr'>extra</span> <span class='ocrx_word' id='word_1_269' title='bbox 1509 2303 1584 2328; x_wconf 84' lang='lat' dir='ltr'>nu-</span> 
     </span>
     <span class='ocr_line' id='line_1_62' title="bbox 971 2343 1583 2393; baseline 0.023 -24"><span class='ocrx_word' id='word_1_270' title='bbox 971 2345 1125 2373; x_wconf 88' lang='lat' dir='ltr'>merum</span> <span class='ocrx_word' id='word_1_271' title='bbox 1173 2350 1356 2393; x_wconf 82' lang='lat' dir='ltr'>extraque</span> <span class='ocrx_word' id='word_1_272' title='bbox 1402 2343 1583 2384; x_wconf 82' lang='lat' dir='ltr'>ordinem</span> 
     </span>
    </p>
   </div>
   <div class='ocr_carea' id='block_1_16' title="bbox 534 2373 1581 2497">
    <p class='ocr_par' dir='ltr' id='par_1_20' title="bbox 534 2373 1581 2497">
     <span class='ocr_line' id='line_1_63' title="bbox 534 2373 1581 2447; baseline 0.022 -33"><span class='ocrx_word' id='word_1_273' title='bbox 534 2373 610 2416; x_wconf 81' lang='lat' dir='ltr'>five</span> <span class='ocrx_word' id='word_1_274' title='bbox 651 2380 795 2434; x_wconf 84' lang='lat' dir='ltr'>septem</span> <span class='ocrx_word' id='word_1_275' title='bbox 833 2384 913 2425; x_wconf 67' lang='lat' dir='ltr'>fer&amp;</span> <span class='ocrx_word' id='word_1_276' title='bbox 968 2385 1115 2439; x_wconf 80' lang='lat' dir='ltr'>legioni</span> <span class='ocrx_word' id='word_1_277' title='bbox 1149 2392 1232 2442; x_wconf 83' lang='lat' dir='ltr'>jam</span> <span class='ocrx_word' id='word_1_278' title='bbox 1267 2395 1472 2447; x_wconf 80' lang='lat' dir='ltr'>completae</span> <span class='ocrx_word' id='word_1_279' title='bbox 1509 2398 1581 2437; x_wconf 85' lang='lat' dir='ltr'>a&#39;d-</span> 
     </span>
     <span class='ocr_line' id='line_1_64' title="bbox 967 2441 1581 2497; baseline 0.024 -20"><span class='ocrx_word' id='word_1_280' title='bbox 967 2441 1237 2484; x_wconf 83' lang='lat' dir='ltr'>scribebantur</span> <span class='ocrx_word' id='word_1_281' title='bbox 1260 2475 1274 2497; x_wconf 89' lang='lat'><strong><em>,</em></strong></span> <span class='ocrx_word' id='word_1_282' title='bbox 1308 2461 1350 2487; x_wconf 86' lang='lat' dir='ltr'>ut</span> <span class='ocrx_word' id='word_1_283' title='bbox 1378 2452 1419 2488; x_wconf 90' lang='lat' dir='ltr'>in</span> <span class='ocrx_word' id='word_1_284' title='bbox 1444 2451 1581 2492; x_wconf 83' lang='lat' dir='ltr'>locum</span> 
     </span>
    </p>
   </div>
   <div class='ocr_carea' id='block_1_17' title="bbox 294 2482 1574 2545">
    <p class='ocr_par' dir='ltr' id='par_1_21' title="bbox 294 2482 1574 2545">
     <span class='ocr_line' id='line_1_65' title="bbox 294 2482 1574 2545; baseline 0.023 -30"><span class='ocrx_word' id='word_1_285' title='bbox 294 2505 296 2507; x_wconf 30' lang='lat' dir='ltr'>v</span> <span class='ocrx_word' id='word_1_286' title='bbox 355 2482 401 2517; x_wconf 84' lang='lat'>18</span> <span class='ocrx_word' id='word_1_287' title='bbox 428 2482 565 2523; x_wconf 81' lang='lat' dir='ltr'>Tribus</span> <span class='ocrx_word' id='word_1_288' title='bbox 582 2499 630 2523; x_wconf 81' lang='lat' dir='ltr'>ex</span> <span class='ocrx_word' id='word_1_289' title='bbox 647 2487 808 2529; x_wconf 82' lang='lat' dir='ltr'>vexillis</span> <span class='ocrx_word' id='word_1_290' title='bbox 826 2505 910 2531; x_wconf 76' lang='lat' dir='ltr'>eon·</span> <span class='ocrx_word' id='word_1_291' title='bbox 950 2494 1267 2539; x_wconf 48' lang='lat' dir='ltr'>*demortuorum</span> <span class='ocrx_word' id='word_1_292' title='bbox 1302 2503 1476 2542; x_wconf 82' lang='lat' dir='ltr'>militum</span> <span class='ocrx_word' id='word_1_293' title='bbox 1512 2507 1574 2545; x_wconf 86' lang='lat' dir='ltr'>su-</span> 
     </span>
    </p>
   </div>
   <div class='ocr_carea' id='block_1_18' title="bbox 279 2529 907 2594">
    <p class='ocr_par' dir='ltr' id='par_1_22' title="bbox 279 2529 907 2594">
     <span class='ocr_line' id='line_1_66' title="bbox 279 2529 907 2594; baseline 0.03 -26"><span class='ocrx_word' id='word_1_294' title='bbox 279 2529 443 2586; x_wconf 79' lang='lat' dir='ltr'>flabat]</span> <span class='ocrx_word' id='word_1_295' title='bbox 478 2540 750 2594; x_wconf 85' lang='lat' dir='ltr'>Unusquisque</span> <span class='ocrx_word' id='word_1_296' title='bbox 776 2549 907 2586; x_wconf 83' lang='lat' dir='ltr'>mani-</span> 
     </span>
    </p>
   </div>
   <div class='ocr_carea' id='block_1_19' title="bbox 965 2548 1575 2612">
    <p class='ocr_par' dir='ltr' id='par_1_23' title="bbox 965 2548 1575 2612">
     <span class='ocr_line' id='line_1_67' title="bbox 965 2548 1575 2612; baseline 0.023 -27"><span class='ocrx_word' id='word_1_297' title='bbox 965 2548 1226 2603; x_wconf 81' lang='lat' dir='ltr'>btogarentur</span> <span class='ocrx_word' id='word_1_298' title='bbox 1243 2583 1255 2602; x_wconf 94' lang='lat'>‚</span> <span class='ocrx_word' id='word_1_299' title='bbox 1289 2557 1444 2596; x_wconf 86' lang='lat' dir='ltr'>interim</span> <span class='ocrx_word' id='word_1_300' title='bbox 1463 2561 1575 2612; x_wconf 79' lang='lat' dir='ltr'>jacu-</span> 
     </span>
    </p>
   </div>
   <div class='ocr_carea' id='block_1_20' title="bbox 289 2587 1576 2715">
    <p class='ocr_par' dir='ltr' id='par_1_24' title="bbox 289 2587 1576 2715">
     <span class='ocr_line' id='line_1_68' title="bbox 291 2587 1576 2664; baseline 0.023 -41"><span class='ocrx_word' id='word_1_301' title='bbox 291 2587 404 2634; x_wconf 85' lang='lat' dir='ltr'>pulus</span> <span class='ocrx_word' id='word_1_302' title='bbox 422 2618 434 2639; x_wconf 85' lang='lat'><strong>,</strong></span> <span class='ocrx_word' id='word_1_303' title='bbox 467 2604 589 2643; x_wconf 86' lang='lat' dir='ltr'>quum</span> <span class='ocrx_word' id='word_1_304' title='bbox 633 2607 706 2633; x_wconf 87' lang='lat' dir='ltr'>tres</span> <span class='ocrx_word' id='word_1_305' title='bbox 745 2598 908 2640; x_wconf 84' lang='lat' dir='ltr'>haberet</span> <span class='ocrx_word' id='word_1_306' title='bbox 961 2602 1009 2641; x_wconf 84' lang='lat' dir='ltr'>lis</span> <span class='ocrx_word' id='word_1_307' title='bbox 1026 2605 1306 2661; x_wconf 81' lang='lat' dir='ltr'>miffilibusque</span> <span class='ocrx_word' id='word_1_308' title='bbox 1325 2612 1408 2649; x_wconf 83' lang='lat' dir='ltr'>telis</span> <span class='ocrx_word' id='word_1_309' title='bbox 1425 2625 1576 2664; x_wconf 73' lang='lat' dir='ltr'>pugna-</span> 
     </span>
     <span class='ocr_line' id='line_1_69' title="bbox 289 2648 1549 2715; baseline 0.031 -38"><span class='ocrx_word' id='word_1_310' title='bbox 289 2651 444 2692; x_wconf 78' lang='lat' dir='ltr'>partes,</span> <span class='ocrx_word' id='word_1_311' title='bbox 465 2648 539 2685; x_wconf 81' lang='lat' dir='ltr'>tria</span> <span class='ocrx_word' id='word_1_312' title='bbox 558 2660 714 2702; x_wconf 79' lang='lat' dir='ltr'>quoque</span> <span class='ocrx_word' id='word_1_313' title='bbox 729 2651 905 2696; x_wconf 80' lang='lat' dir='ltr'>habebat</span> <span class='ocrx_word' id='word_1_314' title='bbox 960 2659 1058 2698; x_wconf 71' lang='lat' dir='ltr'>turi.v</span> <span class='ocrx_word' id='word_1_315' title='bbox 1083 2660 1175 2703; x_wconf 77' lang='lat' dir='ltr'>vid.</span> <span class='ocrx_word' id='word_1_316' title='bbox 1197 2674 1283 2704; x_wconf 88' lang='lat' dir='ltr'>not.</span> <span class='ocrx_word' id='word_1_317' title='bbox 1305 2665 1340 2703; x_wconf 90' lang='lat'>8.</span> <span class='ocrx_word' id='word_1_318' title='bbox 1360 2664 1410 2705; x_wconf 86' lang='lat' dir='ltr'>ad</span> <span class='ocrx_word' id='word_1_319' title='bbox 1429 2670 1458 2705; x_wconf 90' lang='lat'>1.</span> <span class='ocrx_word' id='word_1_320' title='bbox 1480 2671 1549 2715; x_wconf 72' lang='lat'>43·¹</span> 
     </span>
    </p>
   </div>
  </div>
 </body>
</html>
