1680 3110
320 145 441 208 190
707 126 796 189 T.
881 124 931 192 L
973 146 994 187 1
1035 149 1077 191 v
1116 147 1138 189 1
1179 148 1199 190 1

103 226 294 270 U.c.426.
315 212 420 262 dies
450 250 467 273 ‚
508 209 619 261 satis
671 208 921 282 explorata
966 208 1202 283 temporis
1246 209 1349 276 ejus
1392 210 1594 279 quiete,
1643 257 1657 263 -

101 276 295 355 ὶῖἡίζζεὶ·
320 288 335 313 ¹
371 282 397 329 a
427 277 583 328 Gallis
612 279 898 327 Privernum
923 292 1087 350 omnis
1111 279 1340 328 conversa
1364 279 1454 329 vis,
1488 282 1591 328 Du-

103 379 183 401 „um
213 340 296 403 ΜΤ
318 344 429 413 plex
457 342 570 393 inde
607 340 730 391 fama
762 342 842 393 est.
872 341 953 392 alu
977 343 1027 393 vi
1046 354 1244 411 captam
1265 344 1435 395 urbem
1453 383 1471 406 ,
1501 345 1588 396 Vi·

97 424 211 459 vum.
316 411 637 476 truviumque
669 409 837 460 vivum
863 410 912 460 in
936 408 1223 476 potestatem
1252 410 1429 462 venisse
1449 429 1460 461 :
1480 411 1592 473 alii,

314 477 595 551 priusquam
629 475 798 526 ultima
830 475 1148 527 adhiberetur
1177 476 1250 529 vis
1277 515 1292 539 ‚
1320 488 1352 525 *2
1384 478 1511 547 ipsos
1543 479 1590 529 se

313 560 364 594 xn
396 543 698 594 deditionem
725 542 938 594 consulis
975 552 991 586 ³
1027 542 1300 595 caduceum
1327 544 1588 611 praeferen-

310 625 386 662 tes
422 608 675 677 permififfe
702 648 718 671 ,
758 609 979 661 auclores
1014 611 1123 661 sunt
1149 650 1165 671 ,
1201 611 1588 679 Vitruviumque

313 677 374 729 ab
405 678 499 728 suis
532 676 780 727 traditum.
816 678 1020 727 Senatus
1043 675 1104 727 de
1136 678 1368 729 Vitruvio
1395 679 1590 731 Priver-

313 744 607 810 natibusque
631 742 884 794 consultus
903 783 917 805 ‚
939 742 1188 795 consulem
1208 744 1456 796 Plautium
1473 785 1488 807 ‚
1513 745 1588 797 di-

313 810 439 863 rutis
474 810 696 862 Priverni
728 811 879 861 muris
906 849 921 872 ‚
951 808 1266 880 praesidioque
1298 810 1464 864 valido
1497 813 1590 864 im-

313 877 469 948 pofito
491 917 506 939 ‚
544 878 604 929 ad
630 877 938 945 triumphum
968 877 1154 928 arceffit
1178 897 1193 937 ;
1218 878 1506 930 Vitruvium
1538 879 1588 930 in

311 962 560 995 carcerem
607 942 825 996 affervari
850 943 975 1010 juffit
999 983 1014 1006 ,
1036 945 1199 1013 quoad
1232 944 1401 996 consul
1443 946 1590 997 redis·

310 1013 381 1062 set
399 1035 413 1074 3
434 1027 542 1063 tum
561 1011 872 1062 verberatum
891 1013 1067 1063 necari,
1089 1012 1212 1064 aedes
1235 1013 1366 1079 ejuS‚
1392 1030 1496 1081 quar
1518 1014 1588 1063 es-

311 1079 418 1131 sent
441 1081 486 1128 in
514 1079 698 1128 Palatio
713 1117 728 1140 ,
748 1078 1006 1129 diruendas
1025 1117 1039 1137 ,
1063 1079 1192 1130 bona
1213 1089 1239 1122 4
1258 1080 1452 1131 Semoni
1472 1085 1590 1132 San·

311 1162 375 1197 co
412 1147 706 1197 censuerunt
739 1145 1099 1197 consecranda:
1123 1147 1360 1215 quodque
1389 1147 1491 1198 aeris
1524 1163 1587 1198 ex

310 1213 383 1263 eis
407 1212 657 1264 redactum
683 1211 750 1263 est
770 1250 784 1273 ,
807 1230 867 1264 ex
887 1230 948 1263 eo
969 1212 1085 1264 aenei
1108 1214 1254 1264 orbes
1278 1213 1393 1264 fasti
1408 1253 1424 1276 ‚
1446 1213 1589 1281 pofiti

309 1279 362 1331 in
398 1280 572 1330 sacello
607 1280 780 1341 Sami,
817 1278 1047 1332 adversus
1075 1279 1224 1332 aedem
1252 1280 1469 1346 Quirini.
1507 1283 1587 1333 De

308 1348 479 1398 senatu
515 1347 796 1399 Privernate
830 1346 895 1398 ita
925 1346 1180 1398 decretum
1208 1384 1224 1409 ‚
1264 1363 1319 1397 ut
1349 1387 1363 1408 ,
1398 1348 1483 1415 qui
1517 1348 1589 1398 se·-

309 1428 455 1465 nator
490 1414 712 1467 Priverni
747 1414 852 1480 post
890 1413 1218 1465 defectionem
1259 1413 1318 1463 ab
1359 1414 1590 1465 Romanis

309 1480 545 1532 manfisset
563 1520 578 1543 ,
603 1496 733 1531 trans
755 1481 973 1531 Tiberim
995 1519 1009 1540 ,
1039 1481 1149 1548 lege
1173 1479 1342 1531 eadem
1370 1481 1466 1549 qua
1489 1487 1590 1533 Ve-

309 1547 508 1608 literni,
549 1547 806 1598 habitaret.
844 1548 935 1597 l-lis
972 1548 1038 1598 ita
1073 1548 1314 1608 decretis,
1341 1551 1493 1616 usque
1527 1547 1589 1600 ad

311 1615 620 1684 triumphum
650 1613 831 1665 Plautii
859 1613 1100 1665 silentium
1128 1615 1187 1665 de
1223 1614 1589 1667 Privernatibus

272 1725 287 1732 -
312 1680 437 1732 fuit:
456 1682 562 1750 post
587 1681 891 1750 triumphum
923 1681 1092 1733 consul
1122 1697 1298 1732 necato
1321 1683 1553 1733 Vitruvio
1569 1721 1591 1745 ,

274 1774 288 1780 -
311 1749 550 1818 sociisque
575 1749 678 1813 ejus
705 1765 872 1809 noxae,
901 1748 1029 1817 apud
1065 1749 1258 1799 satiatos
1287 1749 1380 1814 jam
1409 1749 1590 1818 suppli·

312 1818 401 1866 ciis
434 1816 752 1877 nocentium,
777 1829 934 1865 tutam
967 1817 1267 1866 mentionem
1300 1815 1361 1866 de
1393 1817 1586 1868 Priver-

311 1883 507 1935 natibus
527 1898 659 1934 ratus
676 1922 692 1945 ‚
716 1884 945 1949 ,Quoniam
970 1886 1174 1934 auflores
1199 1886 1462 1948 defefflonis
1480 1920 1495 1942 ,
1518 1884 1589 1935 in-

96 1847 289 1880 Priverna-

97 1893 199 1934 ribus,

369 2005 383 2031 1
421 1997 471 2034 ,Α
503 1988 663 2041 Gallis]
690 1996 788 2037 Quae
812 1990 918 2044 prius

307 2048 350 2086 in
379 2047 514 2086 Gallos
542 2056 678 2096 parata
708 2057 817 2095 erat,
847 2044 918 2083 ad—

1028 2004 1056 2040 4
1087 1991 1236 2030 Semoni
1264 1992 1414 2040 Sanco]
1443 1991 1588 2030 Sancus

975 2043 1081 2083 idem
1113 2044 1164 2083 est
1201 2058 1246 2083 ac
1275 2044 1360 2083 dius
1392 2043 1467 2082 five
1496 2045 1590 2083 deus

305 2099 438 2140 versus
500 2102 727 2137 Privernum
792 2102 921 2138 omnis

308 2155 496 2194 conversa
516 2156 588 2192 vis.

365 2220 386 2245 2
424 2207 529 2262 Ipsos
556 2206 595 2258 se
626 2206 666 2244 in
695 2205 922 2245 deditionem

305 2259 468 2311 consulis
482 2289 494 2301 .
513 2288 524 2301 .
544 2258 793 2315 -permlfiffi]
821 2265 920 2314 Lege

307 2313 459 2368 confidi.

364 2382 379 2417 3
401 2369 640 2418 Cadmeum]
664 2368 830 2419 Virgam
849 2380 919 2420 pa-

306 2424 364 2461 cis
395 2421 562 2461 indicem
594 2449 606 2469 ,
641 2434 760 2473 quam
795 2424 823 2459 ii
853 2423 920 2474 qui

307 2489 444 2529 pacem
486 2476 643 2527 petituri
683 2475 889 2513 veniebant
908 2502 920 2523 ‚

308 2529 457 2582 gestare
494 2541 573 2581 prae
606 2529 787 2567 manibus
815 2529 919 2567 soliti

310 2596 433 2621 crant.
459 2582 550 2620 Vid.
573 2582 687 2633 plura
712 2584 753 2621 in
777 2594 861 2622 not.
881 2594 920 2620 2..

310 2636 361 2675 ad
378 2640 524 2677 xxv1.
547 2646 608 2683 17·

973 2099 1121 2137 Fidius.
1169 2098 1277 2137 Idem
1320 2101 1359 2137 &
1402 2099 1586 2137 Hercules

975 2164 1057 2190 erat
1074 2181 1086 2199 ‚
1115 2151 1178 2190 sed
1200 2152 1383 2190 Hercules
1407 2150 1586 2190 Sabinus.

975 2207 1128 2258 Nempe
1161 2206 1273 2244 suum
1307 2218 1469 2258 quaequc
1501 2203 1584 2245 fer&

974 2271 1065 2311 gens
1093 2261 1303 2298 Herculem
1331 2260 1486 2297 habuit.
1519 2260 1585 2297 Se·

973 2326 1114 2350 monem
1138 2315 1439 2365 interpretantur
1450 2309 1583 2365 vulgo

976 2370 1147 2405 Heroem
1174 2396 1186 2414 ,
1225 2365 1330 2419 quasi
1375 2365 1585 2416 svmmomi-

974 2433 1056 2456 nem
1075 2435 1085 2456 .·
1105 2422 1302 2458 minorem
1332 2418 1405 2458 diis
1420 2449 1431 2468 ,
1451 2422 1582 2469 majo-

974 2486 1060 2511 rem
1075 2474 1316 2512 hominibus.
1338 2477 1461 2526 Prope
1477 2476 1580 2525 qus,

976 2530 1193 2580 quicunque
1209 2527 1366 2566 tandem
1386 2530 1415 2565 is
1431 2525 1473 2566 fit
1486 2555 1498 2574 ‚
1520 2527 1579 2564 sa·

976 2580 1120 2620 cellum
1138 2610 1152 2630 ,
1173 2581 1269 2622 aedes
1291 2582 1448 2633 Quirini
1467 2578 1555 2619 fuit.
