1669 3052
404 99 457 159 L
505 119 529 158 1
573 117 608 158 B
655 117 692 159 E
738 118 777 160 R
857 94 932 158 X.
1164 121 1197 181 3
1212 121 1291 180 59

25 179 322 252 perveniunt
355 179 531 231 deinde
571 180 649 230 his
687 179 1052 231 restituentibus
1084 198 1295 249 pugnam
1314 205 1501 247 U-c.45⁷‚

6 252 87 300 Ἰ..
113 245 378 297 Cornelius
408 247 572 316 Scipio
606 250 658 297 δε
687 248 751 297 C.
782 247 1024 308 Marcius,
1049 264 1164 298 cum
1187 250 1297 300 sub·
1312 253 1500 294 a·<2·²95·

28 311 161 364 ‘fidiis
191 329 250 362 ex
281 314 527 364 noviffirna
556 313 690 374 acie,
709 312 831 377 jussu
866 317 935 379 Q.
966 313 1094 364 Fabii
1127 317 1301 368 consu-

28 378 123 438 lis,
146 378 205 428 ad
236 379 500 447 praesidium
533 379 728 445 collegae
759 379 893 429 miffi.
921 378 994 429 ibi
1019 379 1214 432 auditur
1239 388 1301 436 P.

33 445 179 496 Decii
207 461 412 497 eventus
428 485 443 508 ‚
466 447 637 512 ingens
667 446 922 495 hortamen
945 445 1004 496 ad
1026 448 1186 497 omnia
1207 467 1301 518 pro

33 510 283 577 republica
308 511 544 563 audenda.
581 517 756 577 ltaque
779 529 932 579 quum
958 512 1088 562 Galli
1111 514 1302 566 structis

33 592 148 628 ante
178 579 221 627 se
253 579 402 629 scutis
431 576 643 627 conferti
675 577 850 626 starent
869 613 884 637 ,
921 595 1011 627 nec
1042 578 1196 630 facilis
1218 600 1304 650 pe-

36 644 100 695 de
137 643 318 694 collato
353 643 604 695 videretur
634 658 795 711 pugna
822 665 836 705 3
868 643 992 708 justu
1028 644 1302 711 legatorum

39 708 245 760 collecta
268 710 406 762 humi
435 711 530 777 pila
551 750 564 771 ‚
590 727 693 777 quae
716 709 856 759 strata
882 710 1007 759 inter
1031 711 1149 761 duas
1171 716 1302 764 acies

34 775 259 843 jacebant
291 816 307 837 ‚
341 792 490 845 atque
530 779 578 827 in
620 775 907 826 testudinem
942 775 1151 827 hostium
1189 797 1307 831 con-

39 842 192 911 jeRa:
218 844 399 911 quibus
426 845 664 911 plerisque
694 843 744 892 in
779 844 910 893 scuta
929 881 945 903 ,
981 852 997 885 ³
1038 845 1224 896 verutis
1257 848 1308 897 in

41 927 251 977 corpora
273 910 368 978 ipsa
392 911 499 960 fixis
515 949 531 972 ,
554 909 779 960 sternitur
800 926 984 959 cuneus
1004 948 1017 970 ,
1041 909 1104 960 ita
1130 927 1185 962 ut
1210 931 1309 964 ma-

9 977 19 986 '
46 991 140 1043 gna
171 993 278 1045 pars
312 976 512 1043 integris
544 974 834 1042 corporibus
863 986 888 1018 4
915 977 1110 1027 attoniti
1142 981 1310 1029 conci-

45 1043 233 1095 derent.
265 1042 367 1093 haec
397 1043 445 1092 in
474 1042 653 1092 smistro
686 1058 838 1091 cornu
867 1043 1194 1094 Romanorum
1213 1048 1312 1096 for-

45 1124 165 1160 tuna
199 1109 482 1161 variaverat.
512 1108 684 1158 Fabius
722 1108 771 1157 in
810 1106 985 1158 dextro
1021 1110 1179 1176 primo
1215 1112 1314 1174 (ut
1374 1128 1503 1166 Pabfus

43 1189 158 1228 ante
192 1174 513 1238 dictum-est)
551 1173 824 1225 cunctando
857 1190 1129 1226 extraxerat
1162 1175 1363 1230 diem.²‘'¹
1398 1177 1483 1210 dex·

41 1241 219 1294 deinde
253 1280 269 1303 ‚
307 1241 558 1312 postquam
598 1258 689 1291 nec
729 1240 912 1291 clamor
949 1239 1192 1302 hostium,
1221 1261 1312 1295 nec
1331 1234 1508 1305 ῗζγῃῖζᾜζζ

2 1328 4 1330 ’
43 1309 257 1376 impetus
274 1347 289 1371 ‚
316 1326 407 1360 nec
443 1309 537 1359 tela
564 1306 693 1359 miffa
715 1346 729 1368 ‚
755 1306 975 1357 eamdem
1001 1310 1103 1360 vim
1133 1309 1312 1362 habere
1331 1318 1461 1358 vincit.

43 1375 142 1426 visa
164 1398 177 1436 3
201 1374 437 1444 praefestis
468 1376 692 1443 equitum
723 1373 849 1439 juffis
879 1372 938 1424 ad
967 1374 1093 1425 latus
1128 1378 1316 1428 Samni-

43 1441 169 1492 tium
189 1441 560 1493 circumducere
581 1445 677 1491 alas
694 1477 708 1500 ,
729 1454 787 1490 ut
803 1439 936 1506 signo
957 1440 1072 1491 dato
1094 1442 1141 1490 in
1167 1446 1317 1494 tranfi-

45 1510 209 1560 versos
243 1523 429 1578 quanto
465 1508 677 1558 maximo
707 1505 893 1574 possent
927 1507 1114 1575 impetu
1145 1508 1316 1560 incur-

45 1591 212 1627 rerent
231 1613 246 1637 ,
272 1575 438 1626 sensim
460 1577 568 1626 suos
592 1574 718 1641 ligna
736 1571 915 1623 inferre
938 1573 1064 1638 juffit
1080 1613 1093 1636 ‚
1114 1577 1164 1625 δε
1182 1593 1318 1628 com-

43 1658 248 1694 movere
271 1641 473 1693 hostem.
504 1641 763 1706 Postquam
786 1657 885 1690 non
910 1639 1053 1690 refisti
1079 1641 1235 1704 vidit,
1262 1647 1317 1695 δε

41 1708 185 1760 haud
214 1708 413 1759 dubiam
441 1707 760 1759 laffitudinem
793 1705 885 1756 effe
909 1745 921 1766 ‚
958 1721 1065 1757 tum
1100 1708 1322 1761 collectis

51 1775 284 1826 omnibus
309 1774 556 1836 subfidiis,
580 1792 685 1843 quae
714 1772 772 1824 ad
804 1772 857 1824 id
886 1787 1080 1842 tempus
1112 1777 1322 1828 reserva-

50 1857 189 1894 verat
206 1881 222 1903 ,
247 1845 295 1892 δε
316 1841 533 1909 legiones
555 1840 821 1891 concitavit
838 1878 853 1900 ‚
879 1842 929 1889 &
954 1839 1138 1907 fignum
1165 1842 1224 1893 ad
1249 1843 1322 1893 in-

51 1908 301 1961 vadendos
323 1908 483 1959 hostes
505 1907 755 1975 equitibus
778 1905 928 1956 dedit.
959 1911 1069 1961 Nec
1091 1908 1324 1960 sustinue-

48 1990 168 2027 runt
191 1975 430 2027 Samnites
455 1975 694 2043 impetum
713 2012 729 2034 ,
765 1985 1035 2041 praeterque
1066 1975 1220 2026 aciem
1250 1975 1322 2044 ip-

46 2043 150 2093 sam
184 2041 444 2093 Gallorum
465 2081 480 2103 ,
503 2041 681 2093 relictis
712 2040 760 2089 in
795 2037 1110 2091 dimicatione
1140 2040 1283 2093 sociis
1303 2080 1319 2105 ,

52 2108 115 2160 ad
142 2108 291 2159 castra
317 2108 470 2159 effuso
502 2110 647 2160 cursu
680 2105 978 2158 ferebantur.
1012 2107 1142 2159 Galli
1170 2108 1319 2160 testu·
1352 2128 1532 2167 Galatas.

51 2173 170 2227 'dine
202 2174 328 2226 facta
362 2174 571 2227 conferti
606 2174 804 2227 stabant.
843 2173 971 2224 Tum
1005 2175 1205 2238 FabiuS,
1238 2180 1536 2228 audumvemi.

109 2334 127 2369 3
159 2324 311 2363 Verutis
326 2323 366 2362 in
382 2331 529 2377 corpora
546 2321 658 2378 ipsa]
711 2323 897 2378 stupentes
913 2352 926 2372 ‚
952 2322 1072 2376 quam
1093 2323 1160 2377 qui
1181 2323 1320 2363 fulmi-

55 2378 160 2428 Ergo
191 2390 327 2416 veruta
365 2375 518 2416 facilius
549 2389 661 2428 pene·
713 2392 760 2417 ne
781 2377 904 2417 afflati
924 2378 1024 2417 sunt.
1061 2377 1180 2430 quue
1203 2378 1318 2417 intel-

53 2430 246 2479 trabant,
274 2429 393 2483 quam
423 2430 503 2482 pila
530 2444 542 2477 3
569 2432 660 2482 quia
714 2431 803 2484 ligit
841 2433 967 2470 Livius
1009 2429 1156 2469 fastum
1188 2432 1324 2470 divino

56 2494 195 2534 nempe
224 2487 415 2524 teretioris
442 2495 551 2522 erant
578 2496 666 2522 mu·
717 2488 877 2524 numine
894 2513 908 2534 ,
935 2484 1043 2537 quod
1071 2486 1105 2524 se
1126 2514 1137 2531 ,
1170 2497 1214 2523 ex
1244 2487 1326 2536 ejus
1348 2493 1350 2495 ’

55 2539 200 2576 cronis.
719 2550 846 2578 mente
865 2566 880 2589 ,
911 2540 953 2580 in
983 2539 1059 2578 hac
1083 2551 1214 2592 pugna
1241 2550 1328 2579 exe-

107 2603 136 2639 4
178 2592 386 2644 Attoniti]
418 2594 512 2633 Non
537 2587 666 2635 minus
718 2594 810 2634 ruit.
