1669 3052
417 184 469 246 L
519 207 540 246 1
588 204 621 247 B
670 207 708 249 E
758 209 795 250 R
892 190 991 254 VI
1007 193 1055 255 Ι.
1265 219 1386 282 147

104 260 330 316 &oribus
348 267 575 320 Patribus
600 271 715 322 tulit
737 272 796 324 ad
819 274 1059 343 populum
1081 275 1128 328 in
1149 273 1267 332 luco
1296 286 1386 335 Pe·
1404 306 1447 343 U.
1458 313 1586 353 c.41;.·

110 329 265 381 telino
282 369 295 390 ‚
317 350 377 384 ne
399 336 481 386 cui
502 336 713 389 militum
735 339 893 392 fraudi
915 343 1108 395 seceffio
1127 344 1258 400 effer.
1280 369 1383 403 ora·
1398 355 1483 392 ‹200-
1502 367 1587 400 539·

108 395 182 447 vit
198 398 342 450 etiam
358 400 486 454 bona
501 405 642 456 venia
660 408 888 469 Quirites
905 447 920 471 ‚
943 426 1003 460 ne
1028 412 1138 480 quis
1157 430 1261 466 eam
1280 435 1382 471 rem

103 461 222 529 joco
248 467 434 520 seriove
458 471 690 540 cuiquam
715 476 1045 541 exprobraret.
1079 489 1094 513 ¹
1129 484 1229 531 Lex
1253 501 1382 553 quo-

104 547 204 598 que
237 532 415 599 sacrata
452 536 672 587 militaris
700 537 795 590 lata
827 542 925 603 est,
950 560 1009 595 ne
1041 548 1182 611 cujus
1212 552 1384 604 militis

106 598 276 665 scripti
299 616 477 652 nomen
491 641 507 664 ,
526 603 610 653 nifi
632 603 733 672 ipso
754 607 978 671 volente,
997 611 1244 667 deleretur
1264 635 1276 667 ε
1296 618 1384 670 ad-

103 661 364 734 ditumque
393 668 517 737 legi,
542 687 602 721 ne
624 672 736 738 quis
755 712 772 735 ‚
801 674 885 725 ubi
920 677 1145 730 tribunus
1168 683 1382 739 militum

91 728 265 781 {fuisset
282 771 297 793 ‚
356 735 483 787 ostea
506 748 535 779 2.
552 738 781 790 ordinum
806 741 982 793 duftor
1007 745 1137 797 esset.
1177 750 1234 800 Id
1258 769 1380 820 pro-

86 809 214 863 *pter
237 800 288 847 P.
354 802 571 855 alonium
593 805 888 873 postulatum
912 810 978 860 est
999 812 1058 862 ab
1081 815 1382 883 conjuratis,

102 864 191 930 qui
214 864 412 921 alternis
433 888 585 939 prope
608 874 744 923 annis
768 914 780 936 ‚
807 878 858 926 δε
880 878 1106 932 tribunus
1132 883 1342 937 militum
1360 926 1378 949 ,

87 932 151 981 ·&
179 932 364 1001 primus
391 939 620 988 centurio
647 955 751 990 erat
769 981 785 1004 ,
808 960 957 1010 quem
979 964 1110 999 nunc
1139 952 1376 1021 primipili

96 998 359 1066 appellant.
408 1005 541 1055 Huic
578 1005 750 1057 infenli
791 1009 970 1062 milites
1012 1030 1150 1066 erant
1181 1056 1197 1079 ,
1232 1019 1374 1087 quod

99 1065 285 1134 semper
311 1069 588 1124 adversatus
615 1076 758 1125 novis
781 1077 990 1129 confiliis
1015 1079 1205 1146 fuisset,
1226 1095 1242 1126 3
1279 1102 1372 1138 nec

95 1134 339 1202 particeps
368 1153 539 1189 eorum
575 1139 690 1190 effer
707 1180 724 1204 ,
749 1143 836 1210 qui
870 1145 928 1195 ab
961 1149 1180 1200 Lautulis
1218 1150 1372 1220 fugis-

83 1199 213 1249 sent.
233 1204 409 1272 Itaque
432 1223 588 1273 quum
606 1206 704 1258 hoc
728 1227 881 1262 unum
899 1229 1098 1283 propter
1120 1217 1371 1271 Salonium

89 1267 154 1314 ab
196 1268 363 1334 senatu
406 1288 504 1322 non
546 1273 890 1343 impetraretur
922 1302 937 1342 3
973 1295 1080 1332 tum
1112 1284 1371 1350 SaloniuS,

21 1382 27 1385 ,
80 1331 360 1399 :obtestatus
383 1339 552 1391 Patres
573 1343 896 1411 Conscriptos
916 1386 930 1407 ,
963 1364 1020 1397 ne
1045 1351 1183 1402 suum
1206 1352 1368 1404 hono-

90 1416 195 1450 rem
224 1402 377 1470 pluris
403 1406 554 1474 quam
580 1412 898 1464 concordiam
927 1414 1142 1468 civitatis
1171 1420 1365 1472 aestima-

40 1474 44 1478 “
89 1481 200 1518 rent
228 1474 243 1530 3
279 1472 494 1542 perpulit
529 1489 583 1525 ut
612 1475 662 1527 icl
728 1495 897 1547 uoque
929 1480 1158 1537 ferretur.
1202 1488 1364 1553 AEque

85 1531 329 1602 impotens
365 1539 659 1606 postulatum
692 1496 825 1607 ῗυίῑ,
860 1557 886 1590 4
922 1564 978 1599 ut
1018 1550 1077 1601 de
1121 1551 1363 1621 stipendio

76 1602 360 1669 equitum(
381 1607 633 1660 merebant
652 1626 816 1663 autem
840 1622 863 1656 5
885 1614 1063 1685 triplex
1085 1618 1141 1668 ea
1163 1635 1358 1689 tempe-

82 1667 202 1720 state
220 1673 353 1735 )''·aera
379 1673 692 1729 demerentur
708 1716 726 1742 ,
763 1679 903 1748 quod
924 1683 1161 1737 adversati
1184 1689 1362 1756 conju-

83 1735 264 1787 rationi
300 1737 514 1792 fuissent.

74 1827 79 1831 ·
151 1806 301 1857 XLII.
338 1808 516 1860 Praeter
548 1810 649 1862 haec
686 1813 885 1866 invenio
922 1819 1051 1886 apud
1086 1820 1358 1887 quosdam,

83 1869 138 1918 L
166 1871 478 1937 Genucium,
502 1878 753 1931 tribunum
780 1883 934 1949 plebis
953 1924 967 1945 ,
997 1885 1153 1937 tuliffe
1182 1888 1240 1938 ad
1267 1909 1355 1957 po-

82 1935 255 2003 pulum
286 1977 302 2001 ,
341 1958 402 1993 ne
441 1943 689 1999 foenerare
726 1948 911 2001 liceret.
948 1952 1067 2003 item
1106 1954 1210 2005 aliis
1238 1956 1356 2025 ‘ple-

63 2078 68 2094 ἲ
140 2058 155 2085 1
191 2051 269 2086 Lex
287 2078 296 2087 .
315 2078 325 2088 .
341 2079 351 2089 .
375 2052 556 2105 sacrata]
596 2056 688 2097 vid.
744 2071 796 2110 go
823 2061 977 2112 opinari
1003 2061 1207 2102 Salonium
1227 2065 1355 2117 ipsum

47 2124 51 2128 -
78 2110 163 2139 not.
188 2114 224 2139 2.
251 2103 302 2142 ad
321 2119 356 2143 c.
388 2119 448 2153 33.
476 2108 503 2146 1.
528 2113 580 2147 11.
743 2125 943 2166 exceptum
976 2129 1065 2154 cum
1096 2117 1211 2167 aliis,
1247 2120 1356 2172 quod

135 2166 154 2190 2
187 2155 368 2196 Orclinum
391 2159 551 2212 duHor]
581 2167 682 2202 Cen-

76 2209 196 2298 ἷιιτὶο.
222 2211 315 2250 Vid.
331 2225 415 2252 not.
436 2227 472 2252 2.
494 2216 545 2255 ad
559 2230 592 2256 c.
616 2228 681 2265 23.

123 2328 139 2362 3
159 2319 235 2355 Nec
247 2320 458 2374 particeps]
482 2325 578 2374 Lege
595 2337 685 2363 cum

79 2372 284 2411 Gronovio
302 2388 311 2411 :
332 2375 384 2411 Et
400 2400 410 2418 ‚
428 2388 472 2412 ne
499 2378 686 2429 particeps

77 2425 306 2477 eoi-amfeffet
322 2452 334 2470 ,
362 2427 410 2465 ab
431 2427 603 2468 Lautulis
618 2433 684 2486 fu-

11 2471 14 2473 ’
69 2475 190 2526 giJJet.
221 2482 374 2532 Nempe
398 2481 624 2523 adoleverat
642 2488 684 2524 &

0 2576 1 2580 Ἰ
73 2539 305 2582 proruperat
350 2537 574 2587 conjuratio
618 2552 684 2590 per

8 2623 19 2632 N
75 2581 168 2621 illos
192 2588 259 2637 qui
279 2586 328 2626 ad
350 2588 529 2628 Lautulas
551 2591 686 2630 substi-

71 2644 200 2677 terant
218 2668 228 2685 ‚
261 2641 434 2693 aliosque
458 2644 508 2681 ab
532 2647 688 2685 consule

72 2688 207 2732 missos
227 2706 472 2749 exceperant.
506 2699 608 2738 Licet
627 2713 687 2740 er-

741 2177 825 2204 tum
849 2181 1004 2220 quoque
1029 2169 1126 2209 illud
1157 2169 1353 2224 flagitium

741 2221 985 2272 improbaret
998 2252 1011 2271 ,
1035 2225 1087 2262 ab
1105 2227 1352 2267 tumultuan-

739 2274 843 2312 tibus
888 2275 980 2328 fuga
1024 2278 1060 2315 se
1100 2279 1347 2331 subduxisse,

738 2329 877 2380 eosque
901 2328 1076 2369 habuisse
1100 2329 1280 2372 offenlos.

793 2397 819 2429 4
853 2387 913 2420 Ut
951 2384 996 2421 de
1023 2384 1209 2437 stipendio
1248 2389 1360 2443 equi--

738 2445 818 2473 tum
831 2465 840 2473 .
858 2463 867 2472 .
884 2464 892 2472 .
917 2451 992 2475 aera
1009 2438 1235 2478 demerentur
1251 2448 1265 2491 ]
1292 2447 1347 2482 Ut

738 2488 889 2541 aliquid
915 2490 1181 2531 detraheretur
1208 2494 1254 2534 de
1279 2492 1346 2534 sti‘·

739 2542 883 2593 pendio
915 2544 1022 2596 quod
1054 2547 1246 2598 equitibus
1275 2549 1347 2590 da·

742 2596 875 2637 batur.

796 2661 811 2693 5
845 2649 1030 2703 Triplex]
1060 2654 1242 2706 Triplum

743 2703 849 2756 quod
864 2704 975 2756 pedes
992 2708 1220 2758 accipiebat.

1034 2760 1144 2826 Gij

1269 2659 1352 2710 ejus
