1680 3110
318 137 451 220 '526
679 103 740 198 Ἰ
803 136 881 234 Νι
924 135 985 196 D
1050 135 1102 196 E
1167 135 1228 197 x

929 274 974 311 L.

887 375 1023 418 Labor.

318 433 530 486 Nusquam
548 443 621 472 nec
645 442 767 482 opera
782 428 861 470 fine
877 430 1178 481 emolumento,
1195 440 1268 471 nec
1285 431 1606 474 emolumentum

368 487 494 526 ferme
521 485 598 524 fine
625 486 806 537 impensa
833 497 957 536 opera
978 484 1045 524 est.

315 542 446 582 Labor
477 539 738 592 voluptasque
762 566 774 585 ‚
804 538 1061 577 diflimillima
1086 538 1228 578 natur&
1246 565 1258 585 ‚
1291 539 1476 579 societate
1505 538 1609 594 qui-

370 596 466 635 dam
497 595 602 633 inter
629 595 666 632 se
693 592 867 632 naturali
894 593 982 631 sunt
1007 595 1159 644 Juncta.
1179 598 1229 633 V.
1247 605 1288 641 4.

862 648 1044 698 largitio.

315 701 587 755 Largitiones,
604 699 839 739 temeritatis
861 700 1140 741 invitamenta.
1170 701 1220 742 11.
1249 712 1317 750 42.

879 753 1042 793 Laudes.

314 808 516 850 Laudibus
549 805 658 846 haud
693 806 824 846 mimis
858 805 982 859 quam
1016 807 1185 860 praemio
1213 805 1389 860 gaudent
1421 804 1600 848 militum

370 864 514 904 animi.
540 867 593 902 11.
616 869 679 901 60.

801 914 1015 967 Legatiom's
1038 913 1116 962 7‘us.

323 969 552 1023 Legationis
577 972 639 1024 Jus
667 978 856 1014 externo,
876 980 961 1007 non
989 968 1096 1019 civi,
1121 978 1403 1021 comparatum
1434 968 1502 1014 est.
1529 970 1607 1011 VI.

374 1039 441 1075 ¹7·

877 1076 1044 1114 lenitas.

316 1131 551 1172 concitatos
568 1130 724 1170 animos
741 1126 844 1168 fieai
857 1156 869 1176 ,
888 1128 1011 1182 quam
1027 1126 1189 1182 frangi,
1207 1143 1332 1184 quum
1348 1128 1496 1177 tutius,
1513 1139 1602 1170 tum

371 1185 530 1225 facilius
558 1185 625 1225 est.
653 1188 702 1224 11.
735 1198 798 1232 23.
1315 1195 1327 1206 ⁴

315 1241 540 1291 Imperium
559 1239 628 1279 suo
648 1239 862 1279 vehemens
879 1263 893 1284 ,
923 1235 1133 1276 mansueto
1149 1237 1400 1290 permittatur
1420 1237 1600 1292 ingenio.

374 1296 430 1334 11.
460 1306 523 1342 30.

871 1346 1046 1386 levitas.

315 1398 456 1442 Levius
487 1397 709 1452 vaniusque
742 1398 795 1438 est
835 1399 901 1438 sua
939 1399 1096 1438 decreta
1132 1399 1174 1437 δε
1217 1397 1398 1438 consulta
1433 1396 1604 1448 tollere,

369 1453 494 1508 quam
522 1454 711 1494 aliorum.
749 1455 820 1492 111.
849 1465 915 1493 21.

906 1511 998 1546 Lex.

313 1567 465 1615 Legum
492 1573 565 1614 ope
595 1559 815 1600 multitudo
842 1558 884 1598 in
912 1561 1031 1598 unius
1053 1558 1194 1613 populi
1225 1570 1370 1613 corpus
1402 1558 1601 1603 coalescit.

315 1670 425 1712 Urbs
455 1668 620 1708 condita
648 1668 691 1708 vi
723 1670 763 1708 δε
794 1666 914 1706 armis
937 1693 950 1714 ,
980 1669 1067 1720 jure
1098 1665 1328 1719 legibusque
1361 1665 1409 1706 de
1441 1667 1596 1721 integro

371 1723 573 1764 conditur.
598 1726 628 1761 I.
658 1736 720 1770 19.

316 1781 438 1831 Leges
459 1807 471 1828 ‚
501 1791 558 1816 res
575 1775 691 1815 surda
722 1801 734 1822 ,
763 1773 1021 1814 inexorabilis
1038 1801 1052 1822 ,
1076 1773 1273 1813 salubrior
1291 1772 1512 1828 meliorque
1531 1773 1597 1815 in-

372 1832 439 1885 opi
463 1831 583 1884 quam
609 1830 776 1882 potenti.
802 1832 852 1872 ΙΙ,
873 1841 907 1876 3.

315 1886 397 1926 ‘Ubi
428 1885 514 1924 duae
545 1885 755 1923 contrariae
778 1882 880 1937 leges
908 1881 1026 1930 sunt,
1046 1880 1198 1934 semper
1229 1880 1400 1934 antiquae
1424 1879 1594 1935 obrogat

367 1953 488 1978 nova.
510 1942 578 1978 IX.
606 1953 665 1988 34.

314 1993 433 2035 Nihil
457 1994 598 2031 attinet
624 1992 724 2045 leges
748 1990 842 2030 ferti
859 2019 873 2041 ,
901 1990 1044 2044 quibus
1070 2002 1140 2043 pet
1168 1988 1324 2030 eosdem
1343 1987 1409 2042 qui
1430 1987 1594 2029 tulerint

363 2047 472 2087 fraus
497 2044 580 2085 fiat.
611 2050 659 2085 X.
687 2059 751 2097 ι).

864 2098 1047 2138 Libertas.

315 2159 364 2196 In
392 2155 519 2195 libero
549 2152 700 2207 populo
725 2152 894 2205 imperia
918 2151 1052 2204 legum
1078 2150 1310 2203 potentiora
1335 2149 1449 2197 sunt,
1468 2148 1593 2204 quim
1646 2177 1660 2185 «ν

368 2209 598 2248 hominum.
625 2210 672 2246 11.
702 2218 735 2246 1.

314 2266 501 2304 Ferocior
528 2262 644 2301 dolor
674 2262 715 2299 in
743 2259 921 2300 libertate
940 2261 1008 2299 sua
1030 2257 1274 2298 vindicanda
1290 2284 1304 2305 ,
1330 2256 1454 2311 quim
1478 2256 1591 2310 cupi-

372 2317 475 2356 ditas
506 2317 549 2354 in
577 2314 724 2368 injusta
751 2315 1028 2354 dominatione
1051 2311 1284 2359 retinenda,
1311 2311 1376 2352 est.
1408 2313 1487 2352 111.
1507 2324 1574 2361 39.

873 2372 1036 2408 Litterae.

317 2424 478 2465 Littetae
495 2448 509 2471 ,
536 2435 618 2462 una
640 2421 817 2462 custodia
837 2420 962 2461 fidelis
988 2433 1122 2461 rerum
1141 2420 1353 2475 gestarum.
1380 2421 1451 2462 VI.
1473 2433 1512 2462 ι.

894 2480 1023 2515 Locus.

317 2533 411 2575 Loci
441 2530 522 2572 fere
547 2528 673 2571 fimile
700 2529 755 2572 est
778 2528 978 2571 cultorum
999 2540 1136 2584 genus.
1160 2530 1229 2571 IX.
1253 2543 1266 2567 ι
1277 2540 1315 2577 3.
