1680 3110
369 181 449 229 ο-
687 155 764 215 Τ.
858 151 911 209 L
958 170 984 208 1
1034 169 1075 208 v
1121 168 1147 206 1
1192 167 1219 205 1

62 256 251 299 U.c-456.
279 185 447 316 t3er4nplo
479 236 696 304 conversis
711 235 861 301 fignis
885 232 1136 279 abiturum.
1166 233 1235 280 Tu
1256 227 1363 275 verb
1391 228 1559 280 abeam

64 304 152 343 δέ·
168 310 256 347 ²9⁵'
282 313 446 383 inquit
467 349 481 370 ,
507 322 648 376 neque
670 319 712 350 te
737 301 980 366 quisquam
1011 310 1213 344 moratur
1232 314 1246 341 :
1270 294 1431 341 etenim
1464 292 1557 340 mi-

282 379 404 432 nime
443 374 780 437 consentaneum
819 366 910 427 est,
945 379 1085 428 quum
1118 358 1235 408 bello
1270 374 1344 406 tuo
1369 357 1557 422 fhrfitan

284 449 369 496 vix
381 441 585 510 sufficias
604 472 619 494 ,
647 444 668 477 5
691 433 759 483 hic
781 448 824 480 te
846 433 902 480 ad
923 444 1044 496 opem
1057 428 1297 493 ferendam
1321 423 1431 471 aliis
1449 421 1558 487 glo-

284 513 407 562 riari
425 505 607 573 venzffe.
634 511 747 550 Bene
764 495 985 547 Hercules
1004 508 1204 544 verteret
1225 528 1240 548 ,
1273 488 1435 539 dicere
1455 492 1561 538 Vo-

283 575 500 630 lumnius
521 590 532 621 z
554 567 692 620 malle
704 566 877 632 frustra
899 576 1076 629 operam
1099 561 1370 624 insumptam
1386 590 1401 610 ,
1421 556 1559 619 quam

285 646 536 713 quicquam
575 632 775 700 incidiffi’
804 666 820 688 ,
859 647 939 677 cur
967 646 1052 677 non
1076 628 1197 692 satis
1231 624 1328 690 effet
1362 622 1562 670 Etruriae

286 730 404 762 unus
443 704 692 770 consularis
726 699 968 748 exercitus.

357 778 486 827 XIX.
519 765 867 836 Digredientes
898 761 991 827 jam
1021 754 1276 817 consuleS,
1299 753 1445 822 legati
1478 752 1566 802 tri-

288 842 515 909 bunique
556 854 616 888 ex
656 831 884 899 Appiano
922 826 1143 876 exercitu
1180 819 1567 872 circumfistuntz

291 926 404 980 pars
434 910 778 974 imperatorem
807 898 944 946 suum
976 909 1112 943 orare
1133 927 1147 948 ,
1177 906 1236 940 ne
1262 886 1457 954 collegae
1483 902 1570 935 au-

294 977 471 1029 xilium
487 1012 500 1034 ,
515 968 652 1039 quod
676 961 963 1016 acciendum
981 960 1111 1014 ultro
1131 955 1280 1008 fuerit
1297 993 1310 1015 ‚
1334 956 1413 1004 suli
1434 954 1572 1019 spon-

297 1058 350 1094 te
384 1041 605 1092 oblatum
642 1036 945 1102 sperneretur
981 1044 991 1076 :
1032 1024 1194 1094 plures
1232 1018 1432 1071 abeunti
1469 1022 1575 1067 Vo-

297 1108 490 1163 lumnio
518 1102 739 1155 obfistere
759 1135 774 1159 ,
799 1111 947 1162 atque
973 1089 1200 1142 obtestari
1227 1107 1278 1136 ne
1298 1102 1447 1155 pravo
1471 1102 1575 1133 cum

301 1176 482 1242 collega
521 1170 767 1223 certamine
812 1159 1138 1228 rempublicam
1173 1157 1350 1223 prodat.
1395 1155 1444 1202 Si
1485 1167 1577 1218 qua

303 1243 457 1294 clades
501 1234 756 1301 incidzffet,
797 1228 1010 1293 desertori
1051 1226 1200 1289 magis
1236 1222 1373 1287 quam
1411 1221 1579 1282 deserto

304 1308 578 1372 noxiaefore.
609 1303 672 1351 Εό
693 1317 786 1348 rem
810 1295 1048 1344 adduciam
1065 1327 1080 1347 ,
1104 1306 1152 1343 ut
1181 1297 1195 1322 1
1226 1290 1367 1335 omnis
1385 1287 1455 1334 rei
1473 1287 1582 1333 bene

308 1392 390 1428 aut
415 1376 546 1439 secus
578 1369 709 1435 gestae
746 1367 795 1413 in
830 1361 1018 1410 Etruria
1051 1361 1183 1409 decus
1216 1354 1488 1417 dedecusque
1523 1351 1582 1399 ad

309 1452 362 1493 L.
399 1438 689 1491 Volumnium
713 1431 778 1498 fit
817 1427 1091 1493 delegatum.
1125 1423 1345 1470 neminem
1375 1417 1586 1485 quaefitu-

311 1527 414 1559 rum
443 1525 541 1572 quae
567 1502 709 1551 verba
734 1496 903 1563 Appii,
918 1494 1000 1557 sed
1026 1509 1124 1557 quae
1141 1491 1331 1553 fhrtuna
1362 1483 1585 1534 exercitus

301 1576 472 1643 fuerit.
511 1567 711 1619 Dimitti
739 1566 794 1612 ab
827 1561 970 1627 Appio
1001 1575 1099 1606 eum
1130 1590 1145 1611 ,
1174 1555 1256 1619 sed
1291 1556 1318 1600 a
1351 1549 1587 1618 republica

316 1643 378 1696 ὠ
404 1642 459 1689 ab
491 1636 692 1687 exercitu
714 1629 920 1680 retineri.
957 1623 1249 1690 Experiretur
1271 1618 1394 1668 mod&
1417 1616 1587 1666 volun-

314 1725 457 1759 tatem
492 1701 716 1754 militum.
751 1699 866 1745 Haec
892 1688 1139 1742 monendo
1172 1683 1555 1751 obtestandoque
1576 1719 1592 1745 ,

317 1789 471 1845 prope
509 1768 781 1820 restitantes
815 1757 1037 1810 consules
1071 1755 1120 1804 in
1153 1751 1443 1803 concionem
1477 1767 1593 1817 per·-

321 1851 594 1893 traxerunt.
638 1831 706 1882 ibi
751 1827 999 1880 orationes
1038 1820 1284 1887 longiores
1324 1817 1497 1867 habitae
1541 1815 1592 1864 in

323 1906 543 1959 eamdem
584 1898 738 1949 ferme
778 1891 1098 1950 sententiam,
1137 1888 1186 1937 in
1227 1903 1372 1952 quam
1413 1894 1431 1918 2
1468 1882 1597 1932 inter

324 1988 510 2043 paucos
543 1979 782 2019 certatum
815 1958 979 2012 verbis
1007 1955 1185 2007 fuerat.
1227 1956 1285 2001 Et
1316 1968 1470 2018 quum
1492 1954 1597 1999 Vo-

325 2039 544 2093 lumnius
579 2031 723 2084 causi
758 2026 975 2095 superior
1000 2061 1015 2084 ,
1059 2038 1119 2071 ne
1156 2016 1447 2068 infacundus
1480 2016 1597 2082 qui-

325 2107 442 2159 dem
484 2097 715 2155 adversus
755 2093 982 2145 eximiam
1025 2086 1356 2155 eloquentiam
1401 2081 1601 2148 collegae

327 2174 460 2228 visus
488 2161 986 2226 effet3cavillansque
1021 2154 1211 2222 Appius
1238 2152 1329 2215 fibi
1365 2164 1598 2215 acceptum

328 2242 497 2307 referre
519 2234 705 2289 diceret
729 2231 883 2278 debere
903 2261 918 2282 ,
946 2221 1063 2290 quod
1094 2238 1143 2269 ex
1171 2235 1290 2267 muto
1314 2232 1449 2283 atque
1474 2215 1598 2264 elin-

324 2310 450 2377 gui,
470 2302 724 2370 facundum
759 2296 900 2344 etiam
932 2286 1152 2354 consulem
1185 2288 1394 2336 haherent
1411 2301 1430 2342 ;
1444 2285 1600 2349 priore

332 2372 568 2440 consulatu
598 2364 766 2433 primis
799 2361 960 2425 utique
998 2353 1213 2420 menfibus
1240 2388 1257 2411 ,
1298 2351 1463 2413 hiscere
1500 2366 1601 2397 eum

392 2504 410 2542 ς
438 2489 517 2532 Hic
536 2499 572 2529 te
588 2517 596 2527 .
612 2516 623 2528 .
645 2481 800 2540 gloriari
820 2476 945 2531 venis·
1055 2487 1076 2512 2
1117 2476 1223 2511 Inter
1254 2480 1390 2525 paucos
1422 2477 1604 2506 certatum

327 2548 397 2604 μ’]
426 2550 522 2596 Lege
549 2542 633 2581 huc.
997 2526 1123 2566 verbis
1140 2525 1304 2578 fuerat]
1333 2528 1479 2562 Coram
1506 2534 1602 2571 pau-

334 2629 336 2632 ·
393 2613 408 2640 1
451 2596 583 2637 Omnis
619 2592 672 2635 rei
692 2621 702 2634 .
721 2620 732 2634 .
753 2617 766 2633 0
796 2586 906 2628 decus
927 2589 944 2637 1
999 2584 1053 2621 cis
1078 2580 1185 2617 brevi
1208 2577 1463 2618 altercatione
1483 2585 1605 2616 cena.

338 2652 481 2696 Melius
493 2679 506 2702 ,
529 2661 646 2689 omne.
1003 2646 1092 2676 tum
1121 2631 1263 2674 fuerat.
