1669 3052
60 272 159 327 que
193 255 429 327 Campani
458 254 558 323 agri
589 251 647 302 ad
682 245 891 300 tuendos
925 239 1086 293 socios
1120 255 1333 291 conver-

63 328 141 377 tit.
177 327 246 375 Ut
267 324 314 374 in
338 321 581 373 Calenum
602 333 773 386 agrum
793 311 928 366 venit
946 348 961 372 ‚
988 310 1037 360 δε
1059 307 1156 376 ipse
1180 304 1337 377 cernit

63 391 279 446 recentia
303 389 451 442 cladis
472 386 671 452 vestigia
695 422 711 445 ‚
742 384 791 432 &
817 376 990 431 Caleni
1015 387 1207 425 narrant
1229 387 1336 422 tan-—

32 516 35 518 ‚
65 465 170 509 tu‘m
201 458 296 524 jam
327 455 490 527 praedae
524 453 685 504 hostes
714 446 935 505 trahere,
965 457 1022 494 ut
1057 440 1140 491 vix
1176 439 1338 508 expli-—

65 526 164 575 cari
190 540 362 592 agmen
390 521 562 591 possit:
586 519 752 584 itaque
780 515 873 578 jam
902 507 1150 579 propalam
1182 505 1337 558 duces

61 592 232 666 loqui,
257 587 507 656 extemplo
539 583 755 635 eundum
779 581 826 629 in
852 576 1100 629 Samnium
1131 572 1222 625 effe
1239 611 1255 635 ‚
1279 586 1338 624 ut

64 658 229 709 relie’ta
252 657 319 706 ibi
350 654 504 726 praeda
534 654 583 701 in
608 646 969 718 expeditionem
995 641 1222 700 redeant,
1247 654 1341 690 nec

66 737 163 774 tam
188 738 442 774 oneratum
471 735 642 787 agmen
676 709 981 765 dimicationi
1012 706 1340 758 committant.

63 793 129 843 Ea
165 808 292 860 quan
334 806 444 841 uam
479 784 646 837 similia
677 781 804 834 veris
838 790 975 828 erant
999 813 1014 835 ,
1052 771 1235 823 certius
1267 787 1343 822 ta·-

65 874 177 908 men
215 809 508 926 expcioranda
549 866 711 906 ratus,
743 843 948 896 dimittit
985 840 1178 909 equites
1203 879 1218 901 ,
1250 839 1342 906 qui

65 940 217 992 vagos
250 923 535 990 praedatores
566 919 612 967 in
645 931 785 982 agros
814 910 1031 980 palantes
1064 906 1340 973 excipiant:

67 1007 126 1040 ex
163 991 343 1058 quibus
381 984 674 1054 inquirendo
714 977 967 1046 cognoscit
989 1015 1004 1037 ‚
1040 974 1100 1024 ad
1129 972 1343 1024 Vultur-

65 1074 183 1107 num
209 1057 389 1108 flumen
422 1051 584 1103 sedere
616 1047 802 1099 hostem
825 1044 968 1096 :inde
1001 1040 1144 1091 tertia
1167 1036 1342 1105 vigilia

67 1138 321 1174 moturum
341 1141 352 1172 ι
375 1121 466 1170 iter
483 1120 539 1170 in
573 1114 821 1166 Samnium
858 1108 965 1160 effe.
1004 1108 1094 1156 His
1118 1106 1228 1155 satis
1258 1120 1340 1154 ex-

63 1189 265 1258 ploratis
287 1185 536 1257 profetstus
554 1222 569 1244 ‚
592 1196 729 1232 tanto
753 1175 1011 1229 intervallo
1035 1174 1092 1224 ab
1118 1170 1347 1222 hostibus

1369 252 1455 287 U.C.
1468 251 1555 290 45¹6.

1366 300 1553 341 a.C.296.

1396 1110 1567 1160 Opprfmt't

1369 1162 1543 1197 Samnites

1367 1208 1536 1255 predato-

64 1255 316 1316 consedit,
349 1268 405 1305 ut
434 1269 523 1302 nec
552 1250 790 1301 adventus
822 1246 933 1293 suus
970 1238 1339 1308 propinquitate
1369 1257 1547 1291 meam.

64 1321 214 1373 nimia
247 1320 393 1371 nosci·
416 1317 570 1394 posset
597 1356 613 1378 ,
653 1318 702 1364 &
740 1309 1074 1378 egredientem
1113 1305 1140 1357 ὲ
1178 1304 1341 1355 castris
1367 1303 1494 1352 pavie,

66 1387 255 1439 hostem
289 1396 601 1456 opprimeret.
639 1379 911 1445 Aliquanto
949 1389 1060 1424 ante
1091 1372 1253 1422 lucem
1281 1371 1344 1423 ad

65 1455 213 1506 castra
235 1452 427 1504 acceffit
448 1470 458 1501 ε
482 1448 753 1517 gnarosque
778 1444 918 1493 Oscae
941 1440 1145 1507 linguae,
1163 1437 1345 1511 explo—

67 1536 225 1572 ratum
251 1519 372 1589 quid
396 1533 565 1586 agatur
583 1555 596 1577 ‚
625 1511 793 1564 mittit.
827 1506 1089 1560 Intermisti
1118 1504 1345 1559 hostibus

67 1588 246 1656 (quod
285 1585 429 1636 facile
469 1597 571 1634 erat
610 1581 659 1631 in
695 1577 934 1630 nocturna
973 1572 1348 1644 trepidatione)

67 1656 374 1723 cognoscunt
403 1647 731 1718 infrequentia
760 1643 954 1696 armatis
980 1642 1109 1710 figna
1132 1637 1346 1709 egreffa,

64 1722 275 1790 praedam
296 1718 561 1789 praedaeque
586 1713 810 1766 custodes
834 1710 965 1762 exire
988 1738 1001 1772 ;
1024 1707 1242 1777 ignobile
1263 1710 1345 1776 ag-

68 1806 180 1840 men
195 1828 211 1850 ,
231 1790 281 1838 δε
303 1788 382 1837 sua
403 1798 652 1853 quemque
672 1779 956 1831 molientem
973 1814 990 1837 ,
1008 1787 1026 1812 ¹
1054 1775 1192 1827 nullo
1214 1775 1346 1827 inter

65 1856 188 1907 alios
220 1854 484 1911 consensu,
509 1867 599 1901 nec
626 1848 737 1899 satis
770 1860 909 1896 certo
939 1843 1164 1910 imperio,
1197 1845 1345 1893 Tem-

66 1940 159 1991 pus
182 1918 508 1990 ‘aggrediendi
542 1914 832 1986 aptiffimum
858 1911 1014 1964 visum
1050 1909 1116 1960 est
1138 1928 1149 1960 ε
1171 1912 1222 1960 &
1247 1909 1348 1976 jam

66 1992 153 2041 lux
185 1987 460 2059 appetebat.
492 1985 658 2054 itaque
689 1981 818 2057 figna
850 1994 1023 2030 canere
1055 1976 1222 2043 jussit:
1253 1991 1345 2044 ag-

68 2072 282 2124 menque
307 2053 521 2105 hostium
550 2049 848 2118 aggreditur.
886 2042 1154 2105 SamniteS,
1184 2042 1347 2113 praedi

67 2122 320 2192 impediti,
339 2121 676 2187 infrequentes
698 2113 899 2174 armati,
917 2128 1028 2180 pars
1042 2110 1220 2163 addere
1237 2126 1347 2179 gra-

67 2191 186 2242 dum
204 2230 218 2252 ,
240 2206 296 2240 ac
328 2206 422 2256 prae
452 2189 498 2237 se
527 2200 670 2253 agere
698 2180 903 2253 praedam
921 2201 936 2242 3
957 2196 1066 2246 pars
1095 2177 1215 2228 stare
1232 2217 1248 2239 ‚
1272 2177 1347 2227 in-

68 2258 194 2309 certi
215 2254 382 2308 utrum
407 2251 637 2322 progredi
660 2289 677 2312 ‚
705 2267 764 2301 an
787 2244 978 2315 regredi
1011 2246 1061 2296 in
1089 2244 1236 2295 castra
1259 2258 1345 2294 tu-

68 2326 168 2376 tius
192 2323 350 2374 foret:
373 2321 498 2372 inter
521 2317 888 2370 cunctationem
909 2313 1268 2382 opprimuntur.
1290 2313 1344 2361 &

44 2390 273 2443 -Romani
296 2388 394 2449 jam
421 2384 816 2438 transcenderant
844 2379 1029 2434 vallum
1049 2420 1061 2440 ‚
1092 2377 1345 2445 caedesque

68 2476 126 2512 ac
152 2455 396 2510 tumultus
418 2468 521 2506 erat
541 2453 592 2504 in
615 2451 794 2505 castris,
823 2446 1112 2501 Samnitium
1137 2461 1308 2514 agmen
1321 2481 1358 2507 ,„

122 2629 138 2655 ι
160 2614 275 2656 Nullo
292 2616 388 2655 inter
401 2613 499 2654 alios
516 2613 682 2668 consensu
699 2620 716 2665 ]
731 2616 828 2654 Non
841 2614 1019 2656 videmus
1036 2607 1242 2664 quomodo
1257 2607 1344 2650 haee

68 2670 235 2725 intelligi
255 2681 413 2725 queant.
431 2674 666 2725 optaremus
687 2669 784 2712 inter
802 2666 843 2723 se
861 2695 875 2720 ,
898 2666 963 2713 vel
979 2667 1076 2707 inter
1089 2660 1204 2726 ,ἕρ-ᾗπ-

997 2719 1036 2772 Ρ
1065 2716 1136 2783 iu)
