1680 3110
64 247 152 283 Ἠῶ·
167 245 252 292 378·
267 174 456 292 {ilicum
485 238 658 290 urbem
673 280 689 304 ‚
710 257 817 309 quae
845 242 1215 309 receptaculum
1245 242 1455 310 primum
1476 242 1550 294 eis

62 295 151 332 ac.
167 306 253 340 ³⁷4'
272 307 479 361 adversae
502 320 675 374 pugnae
697 307 858 357 fuerat
876 347 891 369 ‚
911 309 1013 375 igni
1034 324 1403 359 concremarent
1424 327 1435 358 ε
1461 325 1558 360 nec

274 373 407 428 aliud
427 371 614 423 testum
635 373 739 441 ejus
764 374 1005 444 superfuit
1026 375 1190 435 urbiS,
1211 378 1400 442 (quum
1420 374 1557 426 faces

275 439 457 510 pariter
503 439 645 490 sacris
690 439 1002 510 profanisque
1045 442 1303 505 injicerent
1330 443 1351 503 )
1405 441 1557 509 quam

275 506 446 558 matris
474 511 674 557 Matutae
704 508 957 576 templum.
990 507 1112 559 Inde
1141 525 1228 559 eos
1258 524 1348 557 nec
1375 508 1452 558 sua
1480 525 1557 558 re-

278 573 433 641 ligio,
455 589 547 625 nec
576 575 877 626 verecundia
912 574 1059 627 deum
1099 573 1300 625 arcuiffe
1337 573 1556 635 dicitur,

278 638 361 692 sed
393 656 495 692 vox
527 639 771 692 horrenda
804 641 934 692 edita
967 641 1152 709 templo
1189 658 1303 692 cum
1339 639 1560 690 tristibus
1631 649 1653 677 -’

277 705 427 759 minis
445 746 458 768 ‚
485 706 535 756 ni
556 706 793 758 nefandos
811 709 961 776 ignes
984 707 1158 775 procul
1181 707 1396 758 delubris
1417 724 1558 757 amo-

87 778 266 835 Yusculuzn
286 772 477 827 viffent.
524 776 751 825 Incensos
784 775 839 824 ea
872 774 1004 825 rabie
1037 774 1251 842 impetus
1289 772 1562 825 Tusculum

76 828 269 923 ἐαέξζζζζω
289 840 407 892 tulit
422 880 435 900 ,
458 838 523 890 ob
546 840 665 891 iram
683 881 699 903 ‚
722 841 864 909 quod
891 841 1082 892 deserto
1114 840 1364 891 communi
1397 840 1566 890 conci-

285 908 357 962 lio
394 906 681 958 Latinorum
704 946 720 969 ‚
751 924 850 960 non
879 909 929 958 in
962 907 1245 959 societatem
1276 905 1427 957 modi)
1463 908 1565 956 Ro·
1622 940 1625 941 γ

287 991 478 1027 manam
502 1012 518 1034 ‚
554 973 635 1024 sed
668 973 816 1026 etiam
855 975 906 1025 in
944 974 1195 1026 civitatem
1231 976 1276 1024 se
1313 971 1567 1024 dedissent.

275 1040 580 1094 'Parentibus
603 1042 758 1110 portis
783 1059 940 1110 quum
961 1040 1232 1109 improviso
1260 1038 1566 1100 incidissent,

289 1109 452 1179 primo
483 1106 696 1159 clamore
725 1108 963 1177 oppidum
993 1122 1163 1175 praeter
1182 1124 1343 1159 arcem
1368 1120 1570 1174 captum

293 1174 364 1227 est
383 1193 394 1225 ε
416 1175 467 1224 in
490 1190 649 1225 arcem
673 1175 905 1245 oppidani
937 1174 1165 1243 refugere
1195 1192 1311 1226 cum
1345 1171 1573 1240 conjugi·
1615 1197 1619 1203 ·

292 1243 390 1293 bus
417 1258 475 1291 ac
503 1240 669 1292 liberis
690 1281 705 1304 ‚
730 1243 1036 1312 nunciosque
1071 1244 1275 1293 Romam
1296 1281 1310 1301 ‚
1344 1239 1431 1309 qui
1467 1255 1575 1289 cer-

296 1308 479 1360 tiorem
510 1307 571 1359 de
599 1310 685 1359 suo
717 1311 828 1361 casu
863 1311 1080 1360 senatum
1108 1308 1357 1367 facerent,
1384 1306 1576 1358 misere,
1622 1359 1644 1370 J

297 1374 449 1427 Haud
482 1374 673 1443 segnius
697 1414 714 1438 ,
749 1376 900 1445 quam
932 1374 1027 1427 fide
1058 1375 1230 1444 populi
1261 1374 1467 1424 Romani
1499 1371 1574 1424 di-

299 1457 455 1509 gnum
498 1440 596 1494 fuit
626 1481 643 1505 ‚
686 1442 934 1495 exercitus
968 1443 1239 1494 Tusculum
1279 1440 1474 1492 dusius,
1519 1442 1580 1490 L.
1654 1483 1655 1488 ,

300 1509 551 1574 Quintius
578 1548 594 1570 ‚
631 1511 682 1560 δε
716 1509 913 1561 Servius
944 1508 1190 1577 Sulpicius
1230 1507 1416 1558 tribuni
1449 1505 1581 1556 mili-

298 1588 411 1627 tum
433 1575 631 1626 duxere.
656 1584 674 1610 1
704 1575 886 1627 clausas
906 1590 1072 1645 portas
1093 1574 1293 1626 Tusculi
1313 1610 1330 1635 ‚
1360 1571 1580 1623 Latinos-

301 1659 401 1711 que
418 1641 559 1693 srmul
582 1641 908 1693 obsidentium
927 1658 1075 1718 atque
1097 1641 1392 1692 obsessorum
1414 1641 1580 1690 animo

299 1708 420 1763 hinc
446 1709 634 1760 moenia
656 1709 856 1761 Tusculi
879 1725 1007 1761 tuen
1031 1708 1230 1768 vident,
1258 1706 1394 1757 illinc
1416 1722 1581 1756 arcem

91 1788 282 1844 stium-
303 1790 590 1846 oppugnare
620 1799 636 1838 3
671 1791 853 1827 terrere
882 1776 979 1827 una
1007 1792 1062 1827 ac
1093 1791 1284 1843 pavere.
1317 1772 1581 1846 Adventus

88 1846 637 1923 229⁷“0P·Romanorum
679 1858 951 1895 mutaverat
991 1841 1246 1909 utriusque
1289 1839 1437 1908 partis
1479 1855 1582 1888 am·
1636 1857 1655 1892 ,·

164 1913 176 1925 ’
303 1927 412 1963 mos
434 1908 769 1962 :Tusculanos
800 1927 859 1959 ex
888 1908 1074 1978 ingenti
1103 1923 1239 1959 metu
1268 1906 1318 1956 in
1346 1907 1581 1956 summam

303 1977 606 2030 alacritatem
643 2005 654 2036 ς
701 1977 899 2029 Latinos
934 1994 993 2028 ex
1032 1992 1185 2053 prope
1227 1987 1359 2024 certa
1400 1971 1583 2023 fiducia

304 2062 422 2097 mox
448 2043 690 2112 capiendae
712 2044 835 2094 arcis
850 2083 866 2106 ,
892 2060 1127 2112 quoniam
1148 2040 1332 2110 oppid'o
1355 2039 1575 2107 potiren-

308 2129 392 2163 tur
412 2150 428 2174 ,
459 2111 507 2161 in
533 2111 760 2180 exiguam
786 2111 845 2161 de
866 2112 911 2162 se
931 2110 1038 2180 ipfis
1060 2111 1190 2178 spem
1213 2118 1445 2181 verterat3
1466 2104 1582 2181 'Tol-

305 2178 428 2231 litut
460 2195 520 2228 ex
549 2194 657 2228 arce
692 2178 875 2228 clamor
906 2178 966 2228 ab
997 2174 1586 2237 Tusculanisz'exc1p1tut

307 2245 563 2312 aliquanto
594 2245 777 2313 majore
802 2244 861 2294 ab
884 2243 1104 2295 exercitu
1127 2245 1366 2292 Romano.
1392 2238 1584 2290 Utrim-

307 2327 406 2380 que
436 2326 675 2379 urgentur
709 2311 896 2362 Latini:
922 2329 1011 2363 nec
1039 2310 1250 2378 impetus
1282 2304 1587 2380 Tusculano-

306 2394 420 2430 rum
442 2377 811 2429 decurrentium
835 2396 893 2429 ex
919 2377 1162 2446 superiore
1189 2375 1301 2425 loco
1326 2371 1556 2423 sustinent
1568 2383 1606 2433 ς’

306 2462 401 2496 nec
430 2448 672 2497 Romanos
696 2445 960 2501 subeuntes
984 2445 1202 2505 moenia,
1229 2437 1587 2508 molientesque

305 2619 385 2717 T}
424 2607 579 2700 {tlanfizs
602 2618 735 2666 portas
767 2604 945 2661 Tusculi]
986 2604 1061 2647 Hic
1092 2605 1383 2661 supervacanea
1420 2600 1471 2643 est
1508 2611 1592 2641 vox
1655 2595 1658 2600 ’

338 2676 361 2700 n
381 2676 420 2701 (n
437 2677 464 2703 ἒ.
