1680 3110
283 149 419 217 '104

695 135 774 197 T.
863 135 1222 202 L1v1'1

65 220 492 282 ·U.c.399.s1deret,
513 226 537 262 ⁷
564 217 1017 288 emancipandoque
1043 221 1198 273 filium
1219 221 1448 275 fraudem
1460 216 1563 292 legi

64 282 267 327 ‘QG-353·

112 357 171 395 M.
203 357 269 393 Fa-

60 399 145 438 'bio
177 405 270 440 Am·

75 447 187 486 busto
218 453 266 487 11.

16 580 26 591 ,
71 542 192 588 millio
217 547 265 580 11.

72 587 186 629 Coff.

80 700 104 734 ἆ
127 700 271 743 Faliscis

67 747 169 792 „siclin
200 762 255 793 reg

74 795 188 836 stituit
214 808 251 830 a.

78 844 179 883 aiem.

288 285 490 337 fecisset.

355 355 512 402 XVII.
540 351 672 405 Novi
698 351 922 405 consules
946 352 1057 404 inde
1074 391 1090 416 ,
1116 362 1132 388 ¹
1161 360 1229 405 M.
1250 354 1422 406 Fabius
1447 358 1567 406 Am-

286 418 456 469 bustus
493 417 759 470 secundum
783 458 798 479 ‚
834 422 883 470 δε
916 424 983 469 Μ.
1011 419 1251 488 Popillius
1284 427 1442 473 Laenas
1472 422 1568 472 ite-

74 498 137 532 M.
172 500 239 534 [20-
288 503 428 547 rum,
458 484 559 535 duo
592 484 720 535 bella
750 484 983 537 habuere.
1020 486 1177 537 Facile
1208 487 1416 539 alterum
1449 506 1565 539 cum

289 550 582 602 Tiburtibus
605 589 620 613 ,
653 552 792 620 quod
824 557 982 603 Laenas
1017 554 1153 621 gessit
1183 572 1194 603 τ
1228 555 1315 621 qui
1344 553 1478 604 hoste
1514 555 1566 604 in

127 652 253 688 Fabius
293 617 467 668 urbem
501 619 790 687 compulso,
829 634 970 686 agros
1005 620 1222 671 vastavit.
1257 620 1419 671 Falisci
1451 624 1568 670 Tar-

332 684 666 760 uiniensesque
687 685 893 736 alterum
912 686 1160 737 consulem
1184 696 1205 720 ²
1229 687 1382 755 prima
1404 686 1569 755 pugna

293 702 552 804 (studerunt.
585 751 700 801 inde
731 766 890 802 terror
920 753 1157 803 maximus
1183 749 1309 815 fuit,
1336 754 1475 822 quod
1502 755 1571 804 sa-

293 817 522 869 cerdotes
553 835 725 868 eorum
748 856 764 878 ‚
800 817 990 868 facibus
1022 819 1306 870 ardentibus
1339 829 1357 861 ³
1393 820 1570 886 angui-

294 883 487 952 busque
524 883 726 952 praelatis
751 923 767 946 ,
805 884 986 935 incessu
1029 885 1192 936 furiali
1228 886 1436 936 militem
1474 889 1573 937 Ro-

293 969 499 1003 manum
542 951 729 1002 insueta
767 951 1092 1003 turbaverunt
1131 953 1304 1021 specie.
1351 955 1413 1002 Et
1451 965 1573 1003 tunc

296 1017 502 1094 quidem
533 1017 672 1069 velut
706 1017 944 1085 lymphati
975 1020 1025 1067 δε
1060 1018 1259 1068 attoniti
1292 1018 1574 1069 munimen-

297 1099 361 1135 ns
390 1084 484 1134 suis
515 1083 709 1151 trepido
738 1083 926 1151 agmine
951 1083 1251 1136 inciderunt.
1283 1084 1459 1136 deinde
1488 1085 1577 1137 ubi

295 1151 503 1210 consul,
526 1149 808 1220 legatique,
843 1167 897 1200 ac
930 1151 1114 1202 tribuni
1141 1189 1155 1211 ,
1189 1168 1454 1220 puerorum
1477 1153 1576 1203 ritu

296 1235 424 1270 vana
452 1217 685 1268 miracula
704 1232 934 1285 paventes
955 1217 1220 1268 irridebant
1238 1217 1578 1284 increpabant-

294 1301 400 1352 que
429 1306 446 1346 3
485 1284 635 1336 vertit
666 1283 851 1334 animos
884 1284 1083 1351 repente
1121 1285 1316 1358 pudor,
1352 1286 1402 1333 &
1435 1284 1484 1335 in
1521 1301 1579 1335 ea

297 1349 402 1420 ipsa
439 1367 545 1418 quae
579 1348 805 1418 fugerant
832 1388 849 1412 ‚
886 1350 1025 1401 velut
1055 1367 1167 1401 caeci
1204 1350 1427 1402 ruebant.
1467 1351 1580 1401 Dis·
1657 1365 1666 1368 ·

285 1416 438 1471 -ευΠο
464 1417 634 1487 itaque
665 1434 791 1471 vano
821 1431 1054 1487 apparatu
1083 1416 1295 1471 hostium
1311 1456 1328 1483 ,
1351 1434 1508 1487 quum
1529 1417 1580 1470 in

351 1576 378 1611 7
401 1563 713 1620 Emancipcmdo]
741 1568 768 1603 E
794 1578 915 1605 manu

275 1648 285 1651 ⁷
301 1616 519 1658 emittendo
543 1632 611 1670 per
637 1621 916 1670 imaginariam

300 1671 571 1713 venditionem
608 1684 665 1710 ter
695 1675 915 1724 repetitam.

299 1729 403 1777 Lege
431 1727 536 1763 enim
565 1724 731 1764 Romuli
759 1738 919 1771 cautum

302 1790 389 1817 erat
405 1805 417 1826 ,
445 1791 491 1817 ac
516 1778 651 1817 deinde
678 1780 718 1817 in
742 1783 831 1818 XII.
856 1792 916 1818 ta-

303 1831 420 1871 bulas
455 1832 505 1870 ab
541 1834 780 1871 Decemviris
817 1833 918 1872 rela-

304 1896 392 1931 tum
420 1914 432 1933 ‚
464 1898 535 1932 ut,
567 1883 594 1923 fi
639 1897 747 1937 pater
794 1884 922 1925 filium

303 1948 395 1987 ter,
427 1937 552 1977 filiam
581 1940 621 1977 &
649 1951 795 1978 ceteros
825 1941 923 1979 libe-

305 2004 400 2039 tos,
430 1994 455 2030 i.
490 2006 525 2031 e.
560 2004 716 2044 nepotes
748 1995 924 2044 neptesve

304 2044 332 2085 ἑ
363 2044 478 2093 filio,
512 2046 627 2084 semel
665 2044 922 2095 vendidiffet‚

309 2098 532 2138 manumiffi
551 2098 681 2150 postea
702 2101 752 2138 ab
769 2113 922 2153 empto·

309 2166 353 2192 te
371 2181 383 2201 ‚
407 2153 462 2190 sui
479 2155 574 2203 juris
594 2151 750 2201 fierent,
771 2154 838 2193 ille
856 2157 925 2193 tri-

311 2205 363 2244 na
398 2206 694 2244 manumiffione
713 2235 723 2254 ‚
752 2208 796 2245 hi
836 2210 922 2246 uni·

313 2258 375 2298 cai.
397 2259 459 2297 Ad
477 2261 583 2310 cujus
605 2261 925 2312 emancipationis

310 2311 677 2364 imaginenfpostea
694 2313 924 2362 institutum,

315 2378 359 2405 ut
388 2394 398 2412 ‚
436 2367 496 2403 his
534 2365 715 2404 limulato
757 2370 796 2406 &
834 2368 928 2406 dicis

315 2418 432 2459 causa
458 2419 618 2470 peractis
640 2419 928 2459 venditionibus

317 2474 358 2512 δε
386 2473 746 2512 manumissionibus
770 2502 782 2522 ,
815 2475 929 2513 liberi

318 2524 338 2566 *e
377 2525 563 2578 potestate
604 2530 724 2578 patris
769 2531 928 2566 exirent.

318 2583 407 2619 Hoc
443 2592 574 2618 autem
606 2580 774 2619 Stolonis
816 2595 928 2621 com-

316 2645 494 2674 mentum
524 2645 607 2673 non
635 2634 882 2675 abhorrebat
908 2634 933 2674 ὲ

968 1565 1298 1619 jurisprudentum
1328 1565 1481 1618 placitis
1501 1595 1512 1614 ,
1539 1578 1582 1606 ut

970 1621 1152 1659 observat
1178 1622 1371 1670 Dujatius.
1403 1621 1471 1659 Sed
1494 1620 1583 1659 ideo

971 1673 1080 1712 nulla
1118 1673 1223 1711 illius
1263 1676 1585 1726 emancipationis

972 1726 1111 1766 habita
1142 1727 1244 1764 ratio
1276 1725 1354 1774 est,
1377 1730 1469 1779 quia
1497 1740 1586 1767 eam

974 1783 1014 1819 in
1037 1778 1216 1818 fraudem
1238 1778 1332 1833 legis
1351 1779 1496 1820 fastam
1514 1793 1585 1834 ap-

974 1833 1151 1886 parebat.

1033 1898 1047 1924 1
1094 1889 1154 1925 M.
1197 1885 1336 1926 Fabius
1375 1885 1590 1933 Ambustus·

970 1939 1169 1991 secundam
1190 1966 1201 1985 ,
1233 1946 1284 1985 (Ὺ
1314 1941 1377 1978 M.
1405 1939 1602 1994 Popilh'us*

976 1997 1108 2032 Laenas
1124 1993 1287 2042 iterum]
1306 1993 1517 2031 Probabile
1533 1993 1588 2032 est

977 2049 1037 2085 Lit
1048 2048 1130 2084 ium
1148 2043 1352 2097 scripfiffe:
1372 2048 1428 2083 M.
1450 2046 1593 2086 Fabius

978 2097 1191 2151 Ambustus
1212 2102 1276 2139 ll.
1300 2105 1352 2143 (φ
1379 2100 1437 2136 Μ.
1466 2098 1593 2154 Popil-

979 2150 1053 2191 lius
1089 2156 1218 2191 Laenas
1249 2155 1295 2190 II
1324 2167 1336 2189 .-
1361 2164 1430 2191 nec
1462 2151 1591 2204 ineptfi

979 2202 1222 2244 affe&ati011e
1271 2207 1363 2243 huic
1412 2204 1592 2258 adjecisse

978 2272 1118 2298 vocem
1128 2257 1325 2308 secundam
1336 2290 1346 2305 ,
1367 2258 1427 2296 illi
1442 2262 1592 2300 iterum.

1033 2325 1052 2350 2
1097 2312 1225 2350 Primd
1263 2311 1425 2366 pugnai]
1475 2315 1593 2353 Initio
1652 2314 1658 2320 '

982 2378 1134 2418 pugnae.

1039 2433 1051 2466 3
1089 2417 1329 2469 Anguibus]
1367 2417 1411 2456 Id
1438 2418 1520 2468 est,
1554 2433 1597 2460 ut

985 2473 1118 2511 scribit
1139 2472 1270 2510 Florus
1289 2470 1333 2509 de
1353 2471 1595 2512 Fidenatibus

986 2539 1100 2577 agens
1119 2554 1130 2571 ,
1158 2525 1183 2563 l.
1208 2529 1239 2563 Ι.
1261 2539 1293 2562 c.
1321 2536 1382 2562 12.
1413 2526 1597 2578 discolori-

987 2579 1052 2638 ὀξυ
1067 2579 1276 2634 serpentum
1293 2578 1331 2621 in
1348 2580 1495 2619 modum
1515 2579 1598 2621 vit-

986 2642 1054 2674 ns.
