1680 3110
357 160 440 241 48
700 140 1309 222 ‘T.L1v11¹

155 256 233 291 uc
256 266 340 299 37<-
359 245 409 292 in
438 237 581 289 oculis
602 253 739 304 atque
761 242 811 287 in
833 242 1022 290 auribus
1044 244 1163 306 fore.
1193 246 1292 292 Has
1314 241 1532 302 inanium
1551 244 1635 295 ‘reJ

154 304 468 359 ³·C·377·rum
498 307 664 355 inanes
698 306 819 372 ipsas
850 305 1108 358 volventes
1139 310 1495 375 cogitationeS,
1523 306 1631 360 for-

358 389 485 424 tunae
512 370 976 439 locirdelegaverant
999 374 1104 441 spes
1126 375 1249 425 suas.
1280 377 1484 426 Romani
1509 392 1632 427 con-

356 441 432 490 tr&
456 479 467 499 ,
502 441 766 505 Ubicunque
804 439 901 506 efflet
935 444 1127 490 Latinus
1162 443 1295 504 hostis
1315 477 1330 498 ‚
1355 445 1477 506 satis
1503 445 1630 506 scire

356 525 458 557 eum
489 505 566 572 effe
593 541 609 562 ,
648 523 781 573 quem
811 508 871 555 ad
908 506 1141 574 Regillum
1176 507 1327 557 lacum
1361 511 1628 573 devictum,

357 581 376 615 3
403 589 580 622 centum
603 591 820 622 annorum
837 587 950 640 pace
973 573 1163 623 obnoxid
1188 576 1432 624 tenuerint.
1465 583 1631 625 Locum

353 639 569 706 insignem
602 638 820 690 memorid
853 638 1034 697 cladis,
1074 642 1369 690 irritaturum
1394 643 1447 704 se
1468 644 1630 708 potius

356 710 415 756 ad
447 706 679 756 delendam
715 708 978 755 memoriam
1011 709 1274 763 dedecoris,
1310 713 1447 773 quam
1479 724 1530 757 ut
1558 711 1631 757 ti-

353 791 521 823 morem
542 775 729 838 faciat,
766 790 820 821 ne
853 791 944 839 qua
978 788 1102 822 terra
1122 773 1187 839 fit
1217 775 1384 839 nefizsta
1419 776 1628 838 vicloriae

344 842 459 907 suae.
493 842 623 905 Quin
656 839 843 906 ipsifibi
878 837 1011 888 Galli
1030 840 1079 906 fi
1111 841 1352 906 offerantur
1385 840 1470 889 illo
1496 841 1628 899 loco,

342 910 395 972 se
415 910 483 955 ita
498 920 781 974 pugnaturos
801 942 816 962 ,
851 922 902 955 ut
923 912 1069 955 Romae
1086 909 1401 973 pugnaverint
1421 910 1472 956 in
1493 922 1626 974 repe-

351 976 487 1024 tenda
499 976 657 1040 patria
673 1011 688 1034 ‚
711 990 762 1021 ut
775 974 944 1038 postero
963 975 1037 1022 die
1058 976 1116 1021 ad
1137 976 1305 1022 Gabios
1322 1010 1338 1030 ,
1362 990 1469 1023 tunc
1486 993 1629 1041 quum

351 1042 580 1106 effecerint
613 1058 666 1088 ne
702 1042 807 1106 quis
839 1041 998 1103 hostis,
1021 1042 1104 1105 qui
1134 1043 1296 1090 moenia
1328 1047 1524 1090 Romana
1552 1043 1630 1091 in-

351 1107 527 1173 traffet,
555 1109 770 1156 nuncium
789 1108 998 1171 secundae
1029 1108 1317 1174 adversaeque
1330 1110 1530 1173 fhrtunae
1551 1110 1626 1157 do-

350 1193 474 1224 mum
498 1177 738 1240 perferret.

418 1244 589 1293 XXIX.
628 1240 716 1289 His
740 1240 988 1309 utrimque
1012 1240 1184 1291 animis
1208 1241 1268 1291 ad
1293 1240 1472 1291 Alliam
1505 1257 1628 1294 ven-

352 1322 459 1358 tum
482 1307 562 1359 est.
595 1307 819 1357 DiCtator
842 1310 1089 1358 Romanus
1108 1347 1123 1369 ,
1145 1307 1402 1378 postquam
1428 1307 1479 1359 in
1502 1325 1624 1360 con-

351 1374 517 1442 spedlu
543 1373 702 1424 hostes
725 1386 861 1423 erant
887 1373 1099 1424 instruffl
1121 1374 1404 1443 intentique
1426 1413 1442 1436 ‚
1463 1378 1627 1439 Vides:-

351 1460 407 1491 ne
435 1459 486 1490 tu
517 1478 532 1498 ,
570 1441 766 1510 inquit,
799 1448 858 1492 A.
892 1444 1150 1508 Semproni,
1183 1442 1274 1491 loci
1294 1442 1487 1508 jortund
1515 1442 1628 1492 illos
1675 1444 1680 1451 ’

338 1511 488 1575 fretos
521 1511 579 1557 ad
613 1508 793 1557 Alliam
829 1509 1102 1575 constitiffe?
1124 1519 1140 1543 ¹
1172 1518 1269 1559 Nec
1299 1508 1406 1560 illis
1435 1511 1507 1558 dii
1537 1512 1628 1558 im-

350 1575 567 1624 mortales
607 1577 815 1624 certioris
845 1578 1094 1641 quicquam
1114 1576 1301 1642 fiduciae
1328 1611 1344 1635 ,
1383 1578 1648 1641 majorisve

351 1645 472 1709 quod
492 1644 556 1710 fit
592 1642 798 1698 auxilii,
831 1645 1053 1693 dederint.
1093 1651 1155 1691 At
1187 1659 1269 1700 tu,
1293 1645 1446 1708 fretus
1480 1645 1626 1693 armis

351 1712 607 1776 animisque
619 1746 634 1766 ,
651 1711 892 1758 concitatis
909 1712 1038 1775 equis
1055 1711 1225 1758 invade
1240 1711 1435 1759 mediam
1450 1711 1594 1759 aciem
1607 1730 1624 1758 .-

347 1795 428 1843 ego
456 1797 555 1827 cum
580 1777 833 1845 legionibus
857 1779 907 1825 in
929 1779 1131 1825 turbatos
1164 1779 1526 1843 trepidantesque
1547 1778 1628 1825 in-

339 1848 494 1910 feram
509 1845 662 1911 figna.
696 1845 882 1907 Adeste,
902 1846 973 1893 dii
998 1844 1124 1907 testes
1141 1845 1362 1909 foederis,
1399 1845 1458 1898 &
1492 1859 1626 1910 expe-

349 1913 436 1960 tite
460 1927 613 1978 poenas
645 1913 819 1960 a’ebitas
836 1910 978 1978 simul
1006 1913 1138 1960 vobis
1166 1910 1389 1966 violatis,
1412 1912 1626 1976 nobisque

350 1988 373 2013 2
387 1992 471 2045 per
490 1980 685 2043 vestrum
703 1996 864 2027 numen
882 1979 1094 2045 deceptis.
1116 1982 1230 2034 Non
1249 1977 1468 2044 equitem
1488 2014 1502 2036 ‚
1524 1992 1626 2028 non

186 2049 335 2086 νίκω-
353 2044 569 2112 peditem
609 2044 873 2095 sustinuere
909 2042 1184 2096 Praenestini
1207 2062 1218 2093 z
1242 2045 1400 2111 primo
1435 2043 1624 2111 impetu

149 2109 203 2135 zur
235 2102 322 2133 12¹1·ae-

147 2146 214 2190 nest
218 2146 268 2182 ini
272 2174 281 2184 .

357 2128 412 2162 ac
443 2111 656 2162 clamore
685 2111 889 2179 diffipati
917 2110 1114 2161 ordines
1142 2111 1267 2161 sunt.
1302 2111 1430 2160 Dein
1452 2149 1467 2171 ,
1497 2110 1626 2177 post-

356 2196 504 2248 quam
544 2177 679 2229 nullo
717 2178 832 2228 loco
869 2176 1116 2229 constabat
1147 2176 1308 2238 acieS,
1339 2191 1473 2244 terga
1513 2194 1622 2228 ver-

354 2260 467 2298 tunt
499 2264 509 2296 :
544 2244 972 2314 consternatique,
1008 2247 1058 2296 δε
1088 2258 1257 2313 praeter
1293 2243 1440 2295 castra
1473 2243 1621 2295 etiam
1677 2313 1680 2315 Α

408 2410 423 2442 3
456 2399 610 2436 Centum
629 2394 959 2446 annorum]Vide
1013 2407 1140 2434 remus
1174 2394 1311 2434 foederi
1351 2395 1413 2433 cui
1450 2391 1620 2434 vestrum

345 2449 461 2503 supr&
484 2463 568 2489 not.
597 2466 635 2499 4.
663 2450 713 2488 ad
739 2464 773 2488 c.
810 2462 847 2487 2.
1012 2462 1157 2487 numen
1189 2449 1425 2489 advocatum
1463 2447 1620 2495 fuerat,

412 2516 425 2540 1
453 2507 529 2542 Nec
543 2502 656 2553 illis]
681 2504 810 2556 Magis
828 2504 958 2556 place·
1012 2501 1131 2541 delusi
1168 2504 1317 2543 sumus*
1339 2503 1361 2541 ὲ
1399 2501 1619 2554 foedifragis

349 2570 408 2595 ret
430 2555 593 2596 Neillis.
1013 2556 1262 2595 Praenestinis.
1296 2560 1353 2596 Sic
1384 2557 1412 2595 l.
1449 2568 1483 2593 1.
1515 2569 1550 2594 c.
1580 2568 1618 2601 9.

414 2622 433 2646 2
465 2614 532 2648 Per
558 2609 717 2658 vestrum
738 2624 870 2649 numen
897 2609 961 2647 de·
1008 2621 1071 2666 per
1087 2610 1156 2667 fas
1179 2624 1223 2650 ac
1240 2609 1358 2662 fidem
1386 2610 1541 2666 decepti.
1617 2610 1620 2615 '

348 2665 489 2717 ceptis]
528 2667 605 2713 Qui
633 2677 755 2717 quum
783 2662 955 2704 confide·
1541 2714 1569 2764 s

1562 2729 1624 2764 ὶῑλ
