1669 3052
423 131 472 194 L
517 155 540 193 1
585 154 619 194 Β
664 151 699 191 E
742 153 785 192 R
860 128 915 193 V
935 125 962 191 Ῑ
981 129 1031 191 ἶ.
1249 145 1361 211 103

91 211 293 266 'munitis
315 213 632 266 consedissent
647 233 661 279 ;
677 212 867 263 vocatis
888 211 947 264 ad
965 211 1260 262 concionem
1281 214 1366 262 mi·
1385 217 1476 252 U-c-
1494 211 1582 260 398.

93 279 292 342 litibus,
317 284 471 346 Castra
496 302 611 331 nunc
628 318 643 339 ,
668 281 830 348 inquit
852 319 865 340 ‚
890 281 1022 329 vobis
1043 280 1231 343 hostium
1249 299 1370 336 ,-ur-
1382 272 1418 300 a.
1436 266 1578 309 0354·

93 352 282 415 bemque
303 352 467 417 praedae
498 352 548 397 do
567 349 643 416 ;fi
666 350 782 397 mihi
800 346 1093 415 pollicemini
1118 364 1201 394 vos
1222 348 1370 410 forti-—

94 422 164 463 ter
191 419 240 463 in
268 419 367 465 acie
395 434 571 484 operam
598 431 848 463 navaturos
864 450 880 470 ,
904 432 983 463 nec
1000 415 1163 480 praedae
1188 415 1370 479 magis,

91 483 233 547 qudm
262 496 426 549 pugnae
452 497 638 548 paratos
672 479 762 544 effe.
808 479 1012 546 Signum
1044 480 1250 546 poscunt
1291 477 1373 527 in·—

95 548 232 614 genti
268 548 479 598 clamore
510 564 521 596 t
558 556 574 588 3
612 544 820 613 celfique
855 549 902 595 δε
942 547 1020 613 spe
1055 544 1185 595 haud
1220 544 1374 596 dubia

94 613 287 664 feroces
313 615 362 663 in
391 611 605 682 praelium
633 612 834 662 vadunt.
866 611 943 660 Ibi
974 626 1082 661 ante
1111 611 1236 677 figna
1260 613 1372 663 Sex.

67 679 318 742 *Tulliu3,
353 679 412 729 de
451 697 553 747 quo
588 677 698 729 ante
734 677 919 728 dietum
956 676 1055 737 est,
1095 676 1372 729 exclamat:

92 748 310 814 Adspice,
328 749 573 813 imperator
590 783 604 804 ,
630 744 791 812 inquit
812 783 822 802 ,
850 747 1222 810 quemadmodum
1246 762 1373 794 exer-

94 814 215 861 citus
243 828 348 861 tuus
377 815 467 861 tibi
491 812 700 879 promiffa
721 811 896 878 praestet
918 832 931 858 .·
954 809 1155 877 piloque
1181 810 1337 877 pofito
1350 826 1374 873 ‚³

93 877 259 929 stristo
277 878 439 944 gladio
458 877 505 928 in
523 876 710 927 hostem
728 879 964 944 impetum
988 875 1122 926 facit.
1149 881 1372 946 Sequun=

94 960 173 996 tur
204 945 421 996 Tullium
449 942 740 1010 antefignani
772 959 942 993 omnes
962 980 975 1001 ,
1001 943 1258 1012 primoque
1281 944 1375 995 im-

92 1026 212 1081 petu
237 1011 454 1063 avertere
478 1009 667 1061 hostem
693 1028 703 1059 2
728 1008 890 1060 fusum
914 1008 1027 1059 inde
1054 1009 1111 1059 ad
1135 1009 1373 1077 oppidum

91 1080 334 1147 persecuti
359 1116 373 1136 ,
397 1095 550 1144 quum
580 1082 671 1139 jam
695 1075 838 1126 scalas
862 1075 1117 1126 moenibus
1141 1075 1376 1127 admove-

44 1157 53 1167 *
92 1159 233 1206 rent,
264 1144 312 1194 in
343 1143 644 1206 deditionem
669 1143 840 1193 urbem
864 1158 978 1192 acce
1015 1157 1175 1192 erunt.
1202 1142 1376 1194 trium-

89 1210 217 1278 phus
249 1210 309 1260 de
350 1209 712 1263 Privernatibus
745 1208 895 1259 aetus,
935 1161 1014 1258 ΑΕ
1053 1208 1208 1260 altero
1246 1226 1373 1259 cone

86 1276 188 1329 sule
225 1277 346 1328 nihil
380 1276 696 1328 memorabile
763 1275 914 1326 estum
952 1293 962 1325 :
997 1274 1082 1325 nifi
1115 1274 1254 1344 quod
1294 1275 1372 1326 le-

87 1359 198 1410 gem
217 1384 231 1407 ,
257 1362 389 1397 novo
412 1343 636 1413 exemplo
654 1381 669 1406 ,
692 1287 760 1393 a}
777 1343 1000 1394 Sutrium
1019 1341 1072 1392 in
1097 1342 1259 1393 castris
1286 1342 1372 1393 tri·
1433 1367 1512 1402 Lex
1535 1367 1580 1405 de

88 1411 249 1463 butirn
275 1420 301 1454 4
322 1410 384 1462 de
406 1409 629 1462 vicefima
653 1427 828 1460 eorum
895 1409 942 1460 ui
967 1409 1370 1461 manumitteren-
1385 1415 1551 1472 vicefimfae

88 1492 199 1537 tur,
228 1477 361 1530 tulit.
398 1479 564 1528 Patres
588 1514 602 1538 ,
635 1477 751 1546 quia
783 1475 838 1527 efi
857 1428 980 1544 clege
1007 1475 1140 1528 haud
1165 1464 1580 1552 parvumssffssssmss,

87 1545 295 1613 vestigal
329 1544 466 1614 inopi
499 1544 663 1594 aerario
695 1543 916 1594 additum
951 1542 1067 1594 effet
1091 1582 1106 1605 ,
1141 1535 1580 1600 austoreScafiris'ta.

88 1611 309 1664 fuerunt.
337 1609 575 1663 Ceterflm
597 1611 785 1661 tribuni
805 1610 961 1679 plebis
979 1650 994 1671 ‚
1018 1628 1115 1662 non
1140 1625 1238 1661 tam
1259 1610 1369 1679 lege
1386 1615 1440 1647 “²-

87 1677 238 1745 quzsstm
257 1678 482 1748 exemplo
504 1678 662 1738 moti,
689 1694 750 1727 ne
775 1676 885 1745 quis
900 1677 1061 1746 postea
1084 1687 1106 1720 5
1127 1677 1370 1747 populum

87 1747 339 1797 sevocaret
374 1785 390 1808 ,
429 1744 588 1813 capite
630 1740 888 1794 sanxerunt
917 1783 932 1805 ,
970 1744 1092 1794 nihil
1126 1749 1246 1794 enim
1280 1764 1368 1795 non

81 1825 166 1880 per
198 1811 375 1861 milites
394 1849 410 1873 ‚
431 1819 610 1872 juratos
642 1815 692 1861 in
722 1810 916 1876 consulis
946 1814 1121 1872 verba,
1144 1815 1367 1878 quamvis

78 1881 386 1946 ferniciosum
401 1877 568 1947 populo
583 1914 598 1935 ,
609 1878 656 1945 fi
675 1880 725 1927 id
745 1877 909 1927 liceret
926 1914 942 1935 ,
960 1880 1086 1944 fi’rri
1099 1879 1231 1946 poffe.
1262 1881 1366 1928 Eo-

86 1943 198 1994 dem
235 1962 362 1995 anno
397 1950 461 1996 C.
506 1944 724 1995 Licinius
758 1942 899 1994 Stolo
931 1983 945 2005 ,
983 1943 1010 1994 ἐι
1045 1949 1112 1995 Μ.
1151 1945 1367 2014 Popillio
1402 1952 1446 2009 ς’.
1473 1956 1572 1990 Lici-

85 2014 272 2067 Laenate
295 2011 376 2063 su&
400 2011 507 2079 lege
534 2013 555 2046 ⁶
578 2011 751 2062 decem
778 2010 997 2062 millibus
1018 2011 1121 2062 aeris
1139 2011 1206 2062 est
1230 2012 1360 2063 dam·
1378 2014 1453 2036 ”¹⁸³
1479 2003 1546 2044 sud

358 2078 375 2093 χ
499 2078 507 2085 .
604 2078 611 2084 .
936 2077 946 2087 .
1178 2079 1187 2087 ,
1378 2050 1450 2094 lege
1467 2050 1570 2090 dam·-

25 2091 28 2095 ’
85 2092 227 2130 natus
244 2118 260 2142 ‚
284 2078 423 2148 quod
445 2077 577 2129 tmlle
597 2093 825 2146 jugerum
847 2093 949 2147 agn
980 2095 1095 2130 cum
1120 2078 1223 2129 fiho
1250 2081 1362 2151 pos-
1376 2107 1491 2138 naeus.
1528 2100 1532 2103 ’

137 2264 156 2299 3
180 2250 302 2303 Celsi]
324 2252 442 2291 Elaris
457 2252 611 2290 animis.
631 2252 693 2291 Sic
744 2251 966 2304 Principum
976 2251 1365 2311 aetatempermanfit.

84 2303 165 2344 fere
194 2310 336 2345 Horat.
380 2309 429 2345 A.
456 2309 498 2344 P.
526 2319 566 2345 v.
599 2318 689 2355 342.
800 2317 816 2352 5
847 2304 1024 2360 Populum
1037 2306 1254 2358 ftvocaret]
1273 2307 1362 2346 Ab-

86 2356 238 2409 celfi...
268 2365 446 2398 Ramnes.
746 2359 905 2398 duaum
938 2359 989 2398 ab
1021 2359 1117 2399 urbe
1134 2388 1147 2408 ,
1172 2358 1196 2398 εὶ
1227 2363 1362 2413 magi-

140 2425 168 2460 4
185 2416 243 2449 De
257 2412 456 2463 vicesima]
474 2416 528 2450 Ut
540 2439 552 2459 ‚
570 2424 692 2463 quum
748 2412 931 2451 stratibus
947 2426 992 2452 ac
1008 2413 1175 2452 tribunis
1191 2441 1205 2462 ,
1232 2427 1369 2466 popu-⁷

84 2467 172 2517 quis
192 2465 344 2506 servum
369 2467 662 2504 manumitteret
679 2494 693 2514 ,
748 2466 832 2505 lum
854 2469 895 2504 in
919 2466 1130 2506 concilium
1157 2480 1331 2507 voearet.

53 2513 58 2519 ”
83 2517 309 2557 vicesimam
321 2526 471 2571 partem
484 2522 598 2571 pretii
616 2521 696 2571 ejus
804 2527 828 2556 6
865 2523 1001 2558 Decem
1033 2518 1203 2560 millibus
1238 2522 1324 2560 aeris
1337 2527 1361 2572 1

84 2574 227 2609 aerario
254 2572 492 2624 dependeret.
526 2576 613 2610 Hoc
630 2586 696 2611 ve-
748 2572 793 2612 Id
811 2571 864 2611 est
879 2602 890 2620 ,
921 2576 1062 2612 marcis
1079 2575 1229 2626 argenti
1250 2577 1366 2613 Pari·

86 2623 205 2679 &igal
232 2624 284 2666 ad
313 2625 548 2667 inferiorum
574 2628 695 2666 etiam
748 2624 927 2667 fienfibus
949 2638 1010 2675 15.
1030 2640 1118 2665 cum
1138 2629 1261 2667 unciis
1282 2638 1324 2677 5*

1028 2683 1065 2731 E
1092 2680 1161 2748 iiij
