1669 3052
276 102 1166 167 SENTENTIARUMs
1233 122 1364 189 527

679 243 742 281 M.

517 347 655 387 Media
677 345 818 399 consilii
835 346 920 385 via.

82 397 221 441 Media
243 397 397 439 consilii
425 400 491 440 via
516 414 561 440 ea
585 401 663 447 est,
681 414 768 453 quae
795 413 924 454 neque
948 397 1098 439 amicos
1119 410 1234 453 parat
1252 425 1266 448 ,
1287 404 1363 441 neo'

135 466 214 506 que
235 454 426 492 inimicos
450 455 570 495 tollit.
596 458 665 493 IX.
688 468 723 501 3.

644 511 792 547 Metus.

85 562 133 599 In
156 570 266 600 metu
291 559 423 599 alieno
448 560 530 614 spes
554 562 652 614 poni
677 573 761 599 non
786 558 911 611 potest
928 584 939 603 ‚
966 559 1034 597 ubi
1061 559 1248 610 graviora
1274 571 1365 611 quae

136 616 340 667 patiantur
360 613 486 654 videri
508 616 708 668 incipiunt
731 612 965 652 hominibus
981 638 994 659 ,
1024 614 1148 666 quam
1172 626 1258 665 quae
1282 626 1365 653 me-

140 679 267 706 tuant.
297 670 370 707 111.
398 682 461 715 39.

82 721 199 760 Metu
223 720 382 761 tenendi
402 751 416 771 ,
440 734 539 776 quos
562 720 657 761 fides
682 734 768 760 non
789 720 974 759 tenuerit.
1006 722 1096 760 VII.
1122 732 1188 767 25.

656 775 792 815 Miles.

85 826 284 866 Horridus
308 827 420 867 miles
440 827 514 867 effe
533 828 648 868 debet
664 859 675 877 ,
692 842 776 867 non
797 827 953 866 caelatus
973 839 1072 866 auro
1091 838 1363 883 argentoque,

137 881 204 919 sed
233 882 340 921 ferro
368 885 407 920 &
434 883 578 921 animis
603 882 740 923 fretus.
771 885 839 921 IX.
861 893 932 929 40.

85 933 222 975 Virtus
242 934 297 976 est
322 935 460 975 militis
483 936 613 977 decus.
645 935 741 976 ibid.

643 988 812 1029 Militia.
1344 1013 1347 1018 ‹

47 1061 50 1063 ·
83 1040 151 1082 Ad
172 1040 421 1095 disciplinam
443 1042 597 1081 militiae
614 1041 833 1095 plurimum
851 1039 1029 1088 interest,
1053 1040 1268 1080 insuescere
1285 1037 1368 1079 mi-

136 1095 248 1135 litem
272 1109 357 1135 non
381 1095 508 1134 solum
535 1096 648 1149 parta
675 1094 840 1135 vietoria
864 1093 969 1142 frui,
993 1094 1058 1133 sed
1076 1123 1087 1140 ,
1114 1092 1141 1132 fi
1163 1108 1221 1132 res
1244 1096 1367 1134 etiam

136 1149 282 1188 lentior
304 1149 346 1187 fit
363 1176 374 1195 ,
398 1151 480 1200 pati
511 1151 673 1188 taedium
689 1176 703 1196 ‚
728 1152 769 1188 &
792 1148 974 1201 quamvis
997 1147 1089 1187 setae
1106 1148 1188 1201 spei
1210 1149 1366 1189 exitum

134 1202 368 1258 exspectare.
392 1206 444 1242 V.
464 1210 503 1242 6.

613 1254 845 1297 Moderatio.

83 1303 314 1348 Moderatio
339 1308 495 1348 tuendae
517 1307 733 1354 libertatis,
758 1308 853 1346 dum
878 1307 1026 1359 aequari
1050 1306 1150 1346 velle
1177 1306 1368 1349 simulan-

139 1362 193 1400 do
219 1365 274 1400 ita
298 1364 335 1399 se
359 1363 525 1414 quisque
550 1362 730 1408 extollit,
754 1374 795 1400 ut
818 1362 1015 1413 deprimat
1046 1361 1168 1400 alium
1187 1388 1201 1409 ,
1219 1364 1262 1401 in
1287 1362 1371 1401 dif.

136 1414 235 1455 ficili
253 1415 329 1456 est:
349 1415 608 1469 cavendoque
629 1429 679 1454 ne
702 1427 882 1454 metuant
903 1416 1084 1453 homines
1099 1443 1109 1459 ‚
1132 1416 1370 1456 metuendos

139 1469 247 1508 ultro
272 1471 309 1508 se
339 1465 540 1516 efficiunt,
562 1472 600 1508 ὅ(
625 1471 818 1522 injuriam
845 1468 869 1506 ἐι
894 1469 1009 1507 nobis
1035 1469 1260 1521 repulsam,
1278 1481 1368 1510 tan·

140 1535 264 1574 quarn
283 1535 350 1562 aut
367 1522 496 1562 facete
511 1549 525 1570 ,
549 1533 616 1562 aut
635 1525 715 1576 pati
738 1517 891 1562 necesse
909 1520 952 1561 fit
965 1548 979 1571 ,
997 1523 1248 1576 injungimus
1264 1523 1372 1566 aliis.

140 1579 210 1618 111.
239 1587 304 1626 65.

630 1629 830 1672 Mulieres.

86 1683 269 1725 Maxime
294 1683 344 1724 ad
369 1685 561 1725 muliebre
586 1685 793 1737 ingenium
822 1679 997 1724 efficaces
1021 1695 1153 1736 preces
1180 1685 1271 1726 sunt
1297 1698 1372 1727 cu-

143 1739 287 1790 piditas
311 1742 350 1778 &
375 1752 505 1779 amor.
531 1743 562 1779 1.
587 1755 621 1787 9.

87 1791 300 1831 Muliebris
328 1793 442 1832 dolor
462 1823 474 1841 ‚
502 1806 584 1845 quo
615 1791 790 1831 rnoestior
812 1791 864 1830 est
886 1791 1091 1830 imbecillo
1118 1796 1259 1836 animo
1277 1824 1289 1846 ‚
1316 1809 1367 1837 eo

140 1847 380 1884 miserabilia
407 1850 534 1900 magis
562 1846 818 1898 querentibus
847 1846 1021 1898 subjicit.
1049 1849 1119 1888 ΙΙΙ,
1142 1854 1212 1898 48,
1364 1842 1371 1846 ‘

86 1900 223 1940 Parvis
242 1900 404 1940 mobilis
429 1902 482 1940 est
503 1899 617 1939 rebus
641 1901 799 1938 animus
821 1899 1040 1939 muliebris.
1066 1904 1141 1941 VI.
1165 1916 1231 1951 34.

614 1951 845 1991 Multitudo.

89 2009 188 2047 Non
220 2008 341 2060 potest
373 2006 519 2060 pavida
546 2009 586 2048 ὃ(
611 2005 860 2046 consternata
886 2005 1106 2047 multitudo
1134 2008 1218 2061 regi
1241 2008 1374 2064 impe-

145 2063 220 2102 rio.
248 2065 324 2101 ΙΙΙ.
350 2065 412 2102 18.

88 2116 248 2155 Natura
271 2116 348 2154 hoc
370 2118 424 2154 ita
449 2126 727 2169 comparatum
751 2115 804 2158 est
821 2146 830 2163 ,
857 2126 900 2154 ut
921 2115 990 2167 qui
1014 2115 1121 2168 apud
1143 2116 1371 2155 multitudi-

143 2181 240 2209 nem
258 2168 325 2207 sua
342 2169 459 2209 causa
477 2171 655 2223 loquitur
676 2197 687 2215 ‚
709 2171 859 2221 gratior
876 2167 919 2206 fit
937 2183 985 2208 eo
1002 2173 1115 2223 quus
1136 2183 1248 2209 mens
1265 2170 1373 2211 nihil

145 2235 285 2273 ptaeter
306 2224 514 2274 publicum
539 2223 799 2263 commodum
825 2222 946 2262 videt.
977 2226 1045 2263 111.
1076 2226 1142 2263 68.

90 2275 312 2315 Multitudo
339 2276 560 2316 defensores
591 2278 677 2316 suos
706 2279 747 2315 in
784 2277 1025 2329 praecipitem
1055 2277 1208 2328 semper
1235 2276 1374 2317 locum

139 2327 280 2369 favore
307 2331 411 2370 tollit
429 2349 440 2375 ς
460 2330 599 2371 deinde
625 2333 668 2369 in
695 2331 781 2385 ipso
810 2330 1038 2369 discrimine
1067 2330 1233 2383 periculi
1259 2331 1377 2371 desti-

144 2384 233 2424 tuit.
259 2387 333 2426 VI.
358 2399 420 2432 17.
1178 2399 1184 2400 ’

92 2434 142 2473 In
164 2449 246 2481 uno
270 2438 367 2491 saepe
385 2438 473 2482 satis
498 2437 684 2478 omnibus
701 2437 842 2478 auxilii
859 2435 912 2476 est
928 2467 941 2488 ,
969 2436 1073 2476 nihil
1095 2437 1182 2490 opis
1204 2439 1249 2478 in
1272 2437 1374 2480 mul·

144 2490 190 2527 tis
212 2493 298 2532 uni.
330 2492 425 2532 ibid.

94 2543 313 2584 Multitudo
336 2560 383 2584 ex
408 2546 665 2597 incertiffimo
690 2545 807 2583 sumit
834 2544 1008 2586 animos.
1038 2546 1107 2584 VI.
1132 2556 1201 2594 23.

87 2596 312 2645 ,Multitudo
340 2598 473 2641 ferme,
495 2601 724 2642 annexibus
753 2598 889 2640 similis
917 2597 985 2641 est.
1012 2600 1102 2641 v11.
1125 2612 1191 2647 14.
