1669 3052
474 85 821 145 L1EER
903 78 1072 141 X..
1240 102 1397 163 347(

84 163 416 217 adminiculum
431 167 534 232 flare
555 187 570 216 .·
595 162 808 230 censuri,
835 163 1090 228 duobusque
1117 164 1364 226 consulati-
1390 189 1433 224 υ,
1450 195 1579 231 0456.

83 232 318 298 busfimul
334 235 474 299 gestis
498 248 726 301 expertum
738 232 790 295 se
804 266 821 288 ,
853 239 871 272 3
897 229 968 280 nil
991 231 1200 278 concordi
1221 229 1366 280 colle-—
1386 239 1576 281 a.c.29⁶.

78 299 162 364 gio
186 299 376 364 firmius
411 304 469 350 ad
500 298 829 367 rempublicam
863 298 1075 347 tuendam
1117 295 1209 363 effi’.
1248 316 1366 348 novo

83 365 272 429 imperii
290 368 413 430 flacio
443 368 527 417 vix
544 374 646 427 jam
677 364 909 432 affiaeescere
929 361 1127 428 senilem
1159 364 1365 416 animum

75 430 208 497 poffe.
239 451 340 481 cum
370 436 568 483 moribus
603 434 721 481 notis
776 429 947 479 acilius
969 432 1022 494 fh
1052 433 1367 482 communica-

10 522 26 528 κ
83 511 236 546 turum
260 500 458 566 confilia.
492 495 778 572 Subscripfit
801 496 1013 546 orationi
1037 497 1141 561 ejus
1162 497 1367 561 consul,

85 578 243 628 quum
270 565 456 615 meritis
489 568 541 615 P.
573 564 719 614 Dec1i
742 562 999 623 laudibuS,
1026 576 1130 613 tum
1149 601 1165 624 ‚
1188 582 1288 630 quae
1312 584 1366 615 ex

82 634 319 681 concordia
356 631 583 695 consulum
621 634 735 680 bona
761 666 776 687 ,
818 647 1006 696 quaeque
1046 647 1098 678 ex
1136 632 1366 694 discordia

83 695 208 744 mala
234 699 283 745 in
305 699 693 762 administratione
718 714 868 747 rerum
892 695 1173 745 militarium
1198 701 1363 747 eveni-

79 778 210 819 rent,
233 764 550 815 memorando
571 783 585 823 ς
608 760 744 831 quum
770 777 909 830 prope
940 762 1158 811 ultimum
1191 765 1360 827 discri-

80 846 183 877 men
205 830 308 892 ficis
340 832 398 885 dy
429 831 611 898 collegae
640 832 966 879 certaminibus
994 843 1139 896 nuper
1169 847 1360 880 ventum

66 896 196 959 foret
217 916 231 944 :
254 897 560 948 admonendo
592 896 801 946 Decium
828 895 1156 963 Fabiumque,
1187 912 1238 945 ut
1270 917 1361 948 uno

80 965 231 1011 animo
249 999 265 1020 ,
288 964 380 1013 und
411 980 554 1013 mente
584 966 818 1013 viverent.
852 970 878 1004 4
908 963 1000 1029 Effe
1022 977 1245 1028 praeterea
1273 966 1360 1013 vi-

78 1046 154 1077 ros
183 1046 310 1079 natos
341 1030 527 1080 militiae
553 1066 569 1087 ,
594 1031 741 1095 fabiis
772 1047 958 1095 magnos
976 1063 991 1084 ,
1020 1031 1079 1077 ad
1111 1031 1360 1079 verborum

77 1094 337 1162 linguaeque
361 1099 612 1147 certamina
636 1098 787 1146 rudes.
815 1113 866 1144 ea
890 1097 1077 1162 ingenia
1098 1094 1359 1158 consularia

79 1162 172 1228 effe.
206 1162 410 1213 Callidos
431 1163 741 1230 solertesque,
755 1163 882 1221 juris
915 1177 1054 1228 atque
1087 1160 1359 1227 eloquentiae
1391 1210 1394 1213 .

77 1228 301 1292 consultos
317 1266 334 1287 ,
359 1230 514 1297 qualis
547 1237 636 1297 Ap.
661 1228 882 1278 Claudius
905 1227 1034 1295 estet,
1060 1229 1167 1276 urbi
1188 1247 1241 1276 ac
1251 1232 1358 1295 foro

70 1296 278 1363 praesides
308 1299 528 1346 habendos
545 1333 560 1354 ,
577 1297 877 1364 proetoresque
910 1297 970 1344 ad
999 1296 1224 1343 reddenda
1242 1303 1358 1356 jura

76 1364 290 1411 creandos
320 1363 413 1430 effe.
446 1362 538 1412 His
566 1361 764 1430 agendis
792 1360 895 1410 dies
920 1359 987 1411 est
1016 1361 1354 1426 consumptus,

73 1427 308 1495 postridie
331 1428 390 1479 ad
412 1429 742 1498 praescriptum
767 1427 980 1477 consulis
1007 1429 1057 1478 &
1082 1426 1357 1480 consularia

78 1495 132 1544 &
156 1495 378 1561 praetoria
403 1495 605 1546 comitia
631 1494 814 1545 habita.
842 1493 1067 1544 consules
1098 1495 1251 1545 creati
1278 1499 1357 1562 Q.

75 1560 248 1612 Fabius
284 1563 332 1612 &
373 1563 425 1613 Ρ.
464 1561 652 1612 Decius
677 1599 693 1622 ‚
726 1564 818 1627 Ap.
860 1559 1104 1612 Claudius
1142 1572 1355 1626 'praetor3

79 1636 104 1669 5
128 1644 297 1678 omnes
326 1627 546 1679 absentes
571 1645 584 1676 ε
609 1630 657 1679 δέ
685 1633 742 1679 L.
768 1626 1039 1678 Volumnio
1060 1643 1120 1678 ex
1144 1628 1355 1679 senatus-

77 1694 303 1745 consulto
338 1697 388 1746 &
424 1695 546 1746 scito
578 1692 735 1763 plebis
757 1708 1076 1762 prorogatum
1098 1693 1149 1744 in
1173 1711 1358 1747 annum

75 1759 336 1825 imperium
359 1761 441 1812 est.

143 1831 362 1877 XXIII.
403 1830 475 1878 Eo
511 1843 638 1878 anno
673 1825 895 1894 prodigia
927 1825 1081 1879 multa
1118 1826 1353 1881 fuerunt:

75 1910 293 1962 quorum
315 1892 794 1946 averruncandorum
819 1894 965 1944 causfi
988 1932 1002 1955 ‚
1033 1893 1354 1961 supplicatio—

74 1976 163 2011 nes
184 1961 233 2010 in
253 1960 463 2013 biduum
486 1963 675 2011 senatus
694 1958 930 2013 decrevit.
958 1959 1355 2014 Publicevinum

27 2045 45 2050 ·
74 2043 132 2076 ac
164 2026 280 2078 thus
316 2027 560 2078 sacrificiis
591 2026 858 2094 praebitum.
893 2026 1219 2096 supplicatum
1248 2029 1354 2080 iere

74 2091 361 2163 frequentes
384 2094 476 2148 viri
500 2093 808 2162 feminaeque.
845 2092 1086 2161 Insignem
1107 2095 1351 2165 supplica-

130 2268 145 2303 3
176 2254 249 2295 Nil
263 2255 432 2294 concordi
453 2253 602 2310 collegio
616 2255 686 2305 fir·
737 2259 769 2296 ri
786 2255 882 2305 sint,
902 2253 976 2306 esse
989 2258 1108 2297 etiam
1126 2256 1230 2297 viros
1243 2285 1253 2295 .
1269 2286 1277 2295 .
1293 2285 1305 2296 .
1318 2287 1333 2297 .

71 2310 200 2358 mim]
236 2310 309 2349 Nil
343 2308 495 2348 firmius
516 2338 527 2357 ‚
566 2309 686 2361 quam
791 2323 807 2358 5
831 2312 967 2350 Omnes
987 2310 1186 2362 absentes]
1210 2312 1353 2351 Fabius

70 2361 100 2399 fi
132 2363 319 2402 concordi
352 2365 488 2403 animo
525 2363 691 2415 collegae
737 2366 777 2403 &
803 2367 941 2404 Decius
963 2365 1125 2404 aber‘ant
1153 2368 1352 2405 nimirum

70 2427 156 2453 tem
187 2428 336 2468 gerant.
736 2418 758 2456 ὲ
774 2431 916 2471 campo
932 2434 943 2467 3
964 2422 1109 2472 Appius
1124 2448 1134 2466 ,
1155 2423 1277 2459 etiam
1293 2420 1351 2458 ab

128 2483 155 2516 4
181 2470 259 2520 Effe
288 2477 492 2524 praterea]
521 2470 684 2510 fabium
736 2474 846 2512 urbe.
893 2473 1024 2512 Simile
1062 2472 1177 2526 plane
1214 2486 1348 2512 exem-⁶

74 2522 115 2559 ὃ(
168 2525 330 2562 Decium
366 2553 376 2571 ‚
425 2537 686 2577 praeterquam
736 2528 847 2578 plum
872 2526 1039 2566 habetur
1070 2528 1112 2566 aa
1141 2526 1173 2564 l,
1200 2531 1349 2569 XXVI,

69 2572 178 2627 quod
192 2577 409 2620 concotdia
432 2581 531 2620 inter
549 2579 586 2620 se
601 2579 683 2620 cla·
738 2593 777 2621 c.
802 2593 870 2621 η,
1046 2633 1091 2683 P
1155 2631 1163 2639 1
