1669 3052
387 115 731 187 Lmen
814 112 1022 177 VIII.
1214 130 1342 194 215

61 199 225 253 vicem
250 213 324 247 ma
362 196 401 247 is
435 199 603 248 anxios
626 236 638 258 ‚
666 197 814 265 quim
846 196 948 262 e'jus
988 193 1070 246 cui
1102 195 1337 246 auxilium
1360 216 1550 258 u.c.430.

20 270 23 274 '
67 266 128 316 ab
152 267 197 315 se
219 278 331 332 pete
371 277 478 315 atur
499 303 515 326 ,
533 264 758 316 liberavit
789 280 937 314 onere
969 262 1226 314 consensus
1250 281 1341 330 po·
1358 266 1547 306 a·C·³2²·

65 330 169 400 puli
206 330 410 381 Romani
446 330 507 382 ad
538 347 708 399 preces
733 333 784 381 δε
818 328 1192 381 obtestationem
1224 347 1339 381 ver-

65 398 143 448 sus
162 433 178 454 ,
204 411 259 447 ut
281 396 362 448 fibi
391 414 593 464 poenam
625 396 834 464 magistri
874 397 1099 464 equitum
1131 394 1340 447 dictator
1403 421 1449 461 p,
1479 420 1527 459 R,

63 463 356 515 remitteret.
394 463 601 514 Tribuni
626 479 828 530 quoque
849 463 1130 512 inclinatam
1167 479 1267 512 rem
1290 463 1341 512 in
1361 466 1550 502 exoraadi-

66 547 238 598 preces
269 529 545 585 subsecuti,
587 545 724 579 orare
761 528 1050 579 dictatorem
1087 528 1340 591 in-fistunt,

65 610 125 647 ut
158 596 349 648 veniam
380 594 532 645 errori
560 594 776 645 humano
795 634 811 655 ‚
834 595 1027 646 veniam
1065 595 1342 646 adolescen-

64 663 144 713 tiae
178 666 248 725 Q.
281 661 411 712 Fabii
442 661 594 712 daret.
617 665 738 728 satis
772 680 872 711 eum
895 675 1129 728 poenarum
1164 664 1343 729 cledzffii.

65 733 174 780 Iam
203 729 301 796 ipsc
328 726 606 779 adolescens
627 767 643 789 ‚
664 728 758 794 jam
783 742 918 796 pater
943 731 1011 776 M.
1028 726 1198 777 Fabius
1222 745 1343 779 con-

67 794 304 846 tentionis
328 794 471 845 obliti
488 794 840 863 ,procumbere
864 793 923 845 ad
944 809 1132 860 genua,
1150 797 1197 844 ἃ
1224 795 1343 846 iram

67 861 321 931 deprecari
340 861 606 912 distatoriS.
644 859 1005 929 Tum-distator
1028 859 1217 911 filentio
1242 862 1344 913 fac-

69 943 124 979 to
145 969 156 989 ,
178 937 293 979 Bene
324 933 455 978 habet
475 964 489 984 ,
512 927 700 995 inquit,
725 929 954 993 Quirites.
981 930 1104 977 vicit
1129 929 1345 996 discipli-

4 991 12 1001 ⁴
70 1015 129 1045 na
152 996 377 1045 militaris
394 1013 414 1057 ;
438 996 558 1045 vicit
582 997 771 1062 imperii
793 995 1022 1058 majestas,
1050 1012 1148 1060 quae
1177 997 1226 1043 in
1251 998 1349 1059 dis-

71 1064 267 1117 crimine
287 1064 482 1127 fuerunt
503 1097 518 1118 ,
544 1080 602 1110 an
640 1060 740 1110 ulla
772 1063 870 1128 post
906 1064 1018 1109 hanc
1052 1063 1172 1108 diem
1207 1062 1354 1128 efflent.

74 1137 177 1179 Non
207 1147 326 1177 noxae
352 1129 568 1177 eximitur
609 1133 673 1194 Q.
712 1130 909 1183 Fabius,
948 1128 1032 1193 qui
1074 1143 1227 1175 contra
1256 1130 1359 1176 edi-

75 1198 197 1244 &um
230 1197 521 1262 imperatoris
553 1196 785 1261 pugnavit
800 1212 820 1255 ;
834 1196 918 1258 sed
938 1213 1056 1242 noxae
1085 1196 1358 1251 damnatus,

73 1264 265 1311 donatur
296 1261 464 1331 populo
504 1268 730 1318 Romano,
756 1263 949 1310 donatur
980 1262 1236 1310 tribunitiae
1267 1275 1357 1329 po-

72 1329 225 1391 testati
247 1364 262 1388 ,
284 1330 545 1396 precarium
584 1346 669 1378 non
696 1329 865 1390 justum
906 1326 1135 1377 auxilium
1164 1329 1360 1393 ferenti.

74 1397 227 1451 Vive,
249 1400 314 1461 Q.
337 1397 476 1452 Fabi,
497 1393 691 1461 felicior
710 1398 788 1442 hoc
813 1396 1020 1460 consensu
1052 1396 1270 1443 civitatis
1301 1397 1363 1444 ad

74 1463 293 1510 tuendum
321 1477 365 1510 te
382 1497 398 1522 ‚
420 1466 559 1528 quam
579 1462 672 1528 qud
687 1460 827 1529 paulo
854 1461 957 1509 ante
978 1461 1232 1526 exsultabas
1257 1464 1361 1510 vic-

75 1527 214 1577 toria.
237 1530 354 1578 vive
375 1564 391 1585 ,
412 1531 463 1577 id
466 1531 659 1594 facinus
679 1530 812 1593 ausus
833 1563 848 1584 ,
868 1535 995 1588 cujus
1015 1530 1107 1577 tibi
1123 1547 1176 1578 ne
1189 1542 1361 1596 parens

77 1596 294 1660 quidem,
313 1595 362 1661 si
386 1598 534 1644 eodem
566 1594 660 1644 loco
672 1595 829 1662 finffet
848 1631 863 1651 ,
895 1613 982 1661 quo
1011 1597 1109 1661 fuit
1147 1603 1197 1644 L.
1221 1597 1360 1663 Papi-

76 1663 178 1710 rius
201 1698 216 1722 ,
240 1663 425 1712 veniam
453 1661 647 1729 dedzffit.
689 1670 897 1718 Mecum,
922 1678 974 1712 ut
1007 1661 1135 1712 voles
1152 1698 1167 1722 ,
1196 1681 1360 1712 rever-

77 1726 194 1777 teris
223 1730 273 1778 in
295 1730 504 1794 gratiam
530 1750 545 1778 :
569 1728 734 1796 populo
757 1735 950 1778 Romano
969 1765 984 1786 ,
1010 1731 1087 1778 cui
1107 1732 1256 1779 vitam
1280 1732 1361 1780 de-

78 1795 157 1844 bes
170 1831 186 1852 ,
217 1794 338 1844 nihil
355 1802 501 1856 majm
514 1797 781 1862 praestiteris
798 1831 814 1852 ,
836 1799 973 1862 qudm
985 1797 1032 1862 fi
1046 1798 1120 1845 hic
1150 1798 1241 1846 tibi
1259 1800 1359 1847 dies

69 1863 194 1926 satis
226 1864 482 1911 documenti
503 1864 706 1920 dederit,
726 1879 776 1911 ut
808 1861 926 1911 bello
948 1881 1000 1911 ac
1016 1876 1130 1930 pace
1156 1867 1263 1931 pati
1285 1865 1358 1914 le-

74 1930 250 1995 gitima
284 1930 481 1995 imperia
513 1930 663 1997 poffis.
724 1932 901 1993 Quum
941 1930 984 1979 se
1016 1928 1139 1979 nihil
1180 1931 1360 1982 morari

78 1993 358 2061 magistrum
394 1995 622 2062 equitum
658 1994 1050 2064 pronunciasset,
1085 1996 1358 2064 degressum

79 2076 195 2112 eum
219 2071 236 2096 1
274 2060 459 2130 templo
492 2061 628 2113 laetus
670 2064 892 2123 senatus,
925 2061 1080 2113 laetior
1115 2065 1359 2134 populus,

78 2126 360 2178 circumfusi
376 2166 392 2191 ,
416 2145 472 2178 ac
501 2129 797 2197 gratulantes
820 2128 937 2180 hinc
962 2130 1189 2198 magistro
1217 2134 1360 2201 equi-

82 2207 190 2246 tum
206 2232 222 2255 ‚
245 2193 361 2244 hinc
383 2193 609 2247 di6tatori
624 2237 640 2258 ,
656 2198 902 2266 prosecuti
927 2197 1034 2248 sunt
1058 2216 1069 2248 ε
1094 2197 1361 2250 ἱὶτιῃειῒιιιτι-ᾗ

81 2278 181 2328 que
218 2262 481 2329 imperium
517 2262 722 2315 militare
760 2262 893 2314 haud
934 2262 1096 2314 minus
1139 2266 1363 2334 periculo

84 2331 157 2392 Q.
181 2328 337 2389 Fabii,
362 2328 512 2397 quim
535 2331 772 2399 supplicio
798 2329 1057 2381 miserabili
1081 2331 1364 2385 adolescen-

84 2394 147 2444 tis
176 2394 343 2446 Manlii
365 2394 638 2449 videbatur.
667 2397 811 2449 Forte
834 2398 900 2448 ita
923 2415 983 2449 eo
1009 2415 1135 2449 anno
1164 2402 1360 2463 evenit,

82 2474 174 2523 ut,
198 2462 590 2532 quotiescunque
620 2463 830 2517 distator
861 2464 921 2517 ab
944 2468 1167 2522 exercitu
1201 2469 1364 2525 reces-

137 2620 152 2649 1
187 2609 368 2666 Templo]
400 2612 564 2656 Rostris.
597 2613 690 2658 vid.
720 2614 833 2669 supra
861 2629 895 2656 c.
927 2627 992 2667 14,

1360 515 1533 551 statorem.
