1680 3110
294 155 418 239 362
700 143 1199 208 T.L1v11

77 231 607 359 Y·g⁴‡{}prae1niac{lla
642 224 930 295 tempestate
972 220 1157 271 militiae
1195 217 1578 286 haudquaquam

113 323 123 334 ·
171 320 180 330 “
269 324 271 327 ’
411 313 504 354 nen
543 317 587 349 a.

128 389 266 427 Etrusci
322 318 542 423 ΡξὶῖζῖΧΧῙ.
583 361 674 411 His
700 359 767 409 ita
796 355 944 406 rebus
975 351 1151 421 gesti3‚
1174 367 1266 402 nec
1301 349 1353 400 in
1388 344 1582 397 Samni-

83 439 282 523 ffi{{JJ”i‘
306 440 438 490 tibus
472 431 632 483 adhuc
650 467 666 489 ,
692 442 782 477 nec
814 425 864 474 in
889 421 1083 472 Etruria
1111 435 1202 486 pax
1239 430 1359 467 erat.
1391 431 1501 465 nam
1533 413 1586 461 ὅτ.
1645 445 1647 447 -

88 499 278 581 νεμῆαᾋᾝ
304 500 547 555 Perufinis
571 493 854 547 austoribus
876 529 886 548 ‚
914 487 1015 557 post
1039 485 1307 537 deduCtum
1330 481 1388 532 ab
1409 478 1586 529 consu-

250 579 263 583 ’
304 572 351 624 le
380 567 653 621 exercitum
674 601 691 624 ‚
727 555 1017 610 rebellatum
1052 552 1245 605 fuerat:
1269 553 1318 600 &
1351 545 1590 598 Samnites

305 636 573 708 praedatum
594 632 644 681 in
665 644 834 695 agrum
861 622 1126 673 Vescinum
1143 618 1552 678 Formianumque
1570 646 1589 670 ,

308 711 364 759 &
387 716 525 773 parte
552 697 643 750 alia
666 697 716 746 in
743 690 1080 748 AEserninum,
1108 699 1314 754 quaeque
1338 678 1591 731 Vulturno

308 772 534 838 adjacent
574 762 765 816 flumini
799 799 816 822 ,
856 753 1165 807 descendere.
1216 744 1467 800 Adversus
1506 758 1593 793 eos

310 839 505 906 Appius
528 831 770 883 Claudius
789 840 963 894 praetor
985 840 1100 874 cum
1122 818 1346 870 exercitu
1369 811 1594 864 Deciano

312 904 495 960 miffus.
538 900 713 951 Fabius
754 896 805 946 in
845 890 1036 942 Etruria
1078 885 1346 938 rebellante
1392 879 1593 937 denu0,

316 987 534 1043 quatuor
557 965 707 1018 millia
730 965 778 1013 δέ
802 959 1101 1029 quingentos
1136 949 1480 1003 Perusinorum
1509 958 1598 993 oc-

317 1040 469 1092 cidit:
491 1035 622 1103 cepit
647 1031 706 1082 ad
730 1027 862 1079 mille
888 1023 1219 1092 septingentos
1249 1012 1596 1084 quadraginta:

319 1108 408 1177 qui
443 1099 684 1168 redempti
725 1092 898 1161 singuli
941 1102 956 1126 1
997 1089 1100 1140 aeris
1139 1083 1372 1136 trecentis
1411 1079 1601 1128 decem.

357 1173 478 1225 raeda
499 1170 588 1221 alia
609 1163 766 1218 omnis
785 1157 1024 1211 militibus
1049 1150 1282 1205 conceffa.
1308 1144 1601 1200 Samnitium

320 1194 544 1308 {egiones
565 1275 580 1297 ,
605 1248 760 1302 quum
796 1225 972 1296 partim
1003 1226 1099 1289 Ap.
1124 1217 1367 1269 Claudius
1393 1226 1603 1282 praetor,

324 1308 502 1383 partim
534 1307 588 1353 L.
622 1295 923 1351 Volumnius
954 1287 1245 1359 proconsule
1279 1285 1562 1349 sequeretur
1583 1312 1602 1337 ,

326 1393 377 1426 in
403 1389 575 1440 agrum
598 1364 850 1424 Stellatem
875 1367 1228 1408 convenerunt.
1252 1351 1320 1400 ibi
1349 1352 1396 1398 δε
1422 1356 1443 1380 2
1469 1350 1603 1395 Sam-

325 1441 507 1493 nitium
540 1435 760 1502 legiones
799 1441 969 1478 omnes
1001 1420 1255 1473 considunt
1286 1455 1301 1478 ,
1335 1418 1384 1465 δε
1415 1410 1606 1479 Appius

325 1502 723 1568 Volumniusque
766 1492 914 1544 castra
955 1489 1283 1554 conjungunt.
1329 1486 1608 1546 Pugnatum

328 1570 637 1627 infestiffimis
670 1561 839 1616 animis
864 1579 878 1619 ·‚
904 1558 1020 1608 hinc
1048 1554 1117 1607 ir&
1142 1549 1416 1604 stimulante
1441 1545 1628 1596 adver-⁴

330 1641 413 1694 sus
440 1636 730 1690 rebellantes
756 1628 904 1680 toties
929 1663 944 1685 ‚
978 1623 1113 1674 illinc
1138 1621 1196 1671 ab
1221 1617 1393 1669 ultima
1416 1614 1511 1679 jam
1534 1608 1610 1659 di·-

331 1704 631 1761 micantibus
663 1701 759 1767 spe.
800 1693 932 1744 Caesa
966 1705 1084 1757 ergo
1115 1684 1405 1737 Samnitium
1440 1675 1612 1729 sexde-

333 1777 433 1827 cim
465 1771 616 1824 millia
646 1762 857 1817 trecenti
889 1798 903 1821 ‚
938 1773 1077 1825 capta
1110 1755 1211 1805 duo
1244 1749 1395 1800 millia
1432 1744 1613 1813 septin-

333 1841 489 1911 genti.
526 1855 585 1890 ex
620 1838 842 1884 Romano
873 1826 1095 1876 exercitu
1128 1818 1351 1871 cecidere
1375 1814 1474 1864 duo
1504 1808 1615 1860 mil-

335 1913 398 1962 lia
432 1900 741 1973 septingenti.
774 1894 904 1947 Felix
933 1907 1085 1942 annus
1111 1885 1302 1938 bellicis
1325 1881 1472 1932 rebus
1489 1917 1503 1939 ‚
1527 1893 1612 1944 pe-

335 1974 548 2032 stilentia
591 1966 790 2038 graviS,
824 1958 1158 2031 prodigiisque
1200 1950 1455 2003 sollicitus.
1504 1960 1615 1996 nam

335 2123 413 2167 five
444 2119 555 2161 asses.
595 2122 720 2157 Porro
756 2115 821 2155 82,
851 2107 947 2150 asses

336 2176 524 2219 excedunt
548 2173 754 2224 aliquanto
779 2169 947 2219 pretium

331 2235 451 2274 nnius
479 2230 599 2269 unciae
626 2224 790 2275 argenti.

392 2299 408 2323 1
450 2283 574 2322 eAiris
595 2277 767 2318 trecentis
792 2273 911 2311 decem
931 2277 947 2320 ]

338 2339 490 2383 Ambus
530 2346 618 2384 310.
660 2331 726 2383 qui
766 2326 947 2365 aestimari

337 2393 495 2447 possunt
514 2389 665 2430 circiter
685 2394 853 2436 quatuor
875 2391 947 2417 un-

335 2451 405 2494 ciis
426 2444 577 2498 argenti
599 2433 879 2479 Parifienfibus.

389 2516 410 2541 2
443 2496 668 2536 Samnitium
691 2491 848 2542 legiones
871 2500 946 2523 om-

336 2570 402 2596 nes
418 2562 434 2605 ]
461 2551 533 2592 Hic
553 2545 700 2600 aliquid
718 2552 947 2593 corruptum

337 2607 410 2649 effe
447 2607 619 2645 indicant
652 2602 691 2637 &
725 2597 884 2647 scripti,
906 2594 946 2630 &

337 2660 499 2702 minime
530 2651 739 2700 neceffaria
770 2648 948 2702 repetitio

1000 2117 1145 2147 vocum
1174 2098 1401 2141 Samnitium
1431 2093 1618 2146 legioner,

1003 2162 1043 2200 δε
1058 2159 1221 2208 denique
1233 2165 1375 2207 parum
1389 2148 1526 2188 idonea
1538 2147 1617 2183 hoc

1003 2214 1093 2253 loco
1113 2223 1190 2250 vox
1211 2220 1346 2246 omnes.
1373 2203 1617 2254 suspicamur

1005 2271 1043 2306 in
1086 2277 1182 2304 voce
1225 2259 1453 2299 Samnitium
1497 2254 1618 2291 latere

1004 2318 1109 2374 poffe
1138 2327 1286 2356 nomen
1316 2311 1479 2360 alicujus
1511 2306 1618 2344 loci:

1005 2378 1056 2414 Li·
1075 2377 1234 2423 iumque
1257 2362 1421 2410 dediffe,
1441 2360 1494 2399 ibi
1517 2358 1618 2396 ad...

1004 2434 1015 2472 (
1037 2429 1114 2467 loci
1152 2434 1298 2465 nomen
1333 2415 1504 2469 supplere
1539 2422 1620 2449 non

1002 2480 1228 2536 possumus)
1259 2471 1446 2523 confidunt
1465 2484 1473 2506 ε
1495 2462 1620 2504 rccilis

1002 2537 1152 2576 duabus
1173 2529 1335 2574 vocibus
1358 2524 1516 2578 legiones
1536 2531 1615 2558 om-

1002 2604 1081 2631 nes·
