1669 3052
476 179 1067 248 L1BERVI.
1344 218 1377 275 3

101 269 211 307 rum
223 255 272 308 in
289 259 568 327 magistratu
587 276 726 331 capta
745 263 863 314 urbs
877 265 993 317 esset
1009 308 1022 328 ,
1047 285 1145 320 non
1166 269 1378 339 placuit:
1403 300 1489 338 ac.
1506 308 1593 347 355,-

101 326 178 373 re's
196 323 254 373 ad
276 326 612 394 interregnum
627 330 786 380 rediit.
811 335 985 395 Quum
1007 337 1182 388 civitas
1198 339 1247 389 in
1264 359 1380 410 ope-
1398 349 1482 386 a.c.
1504 352 1594 395 387·

16 423 29 442 „
101 404 154 438 re
172 406 226 439 ac
248 389 416 444 labore
435 394 616 445 affiduo
646 396 915 448 reficiendae
936 401 1071 453 urbis
1095 419 1346 458 teneretur
1361 450 1373 470 ,
1564 462 1569 464 ,

96 454 295 508 interim
340 464 404 524 Q.
449 460 594 510 Fabio
615 500 630 522 ‚
674 461 809 512 fimul
854 466 1063 532 primum
1099 473 1377 538 magistratu
1398 474 1590 561 Q'Jff’fu‘

93 520 215 572 abiit
234 559 250 583 ,
263 523 325 573 a‘b
347 528 409 575 C.
427 528 614 577 Marcio
633 527 833 579 tribuno
882 531 1004 583 lebis
1022 534 1149 587 dista
1167 539 1272 590 dies
1295 542 1380 607 est,
1396 532 1586 611 232225'

97 586 237 654 quod
270 589 456 658 legatus
491 593 541 642 in
571 593 772 655 Gallos,
804 549 878 647 ad)
908 616 1036 666 quos
1072 604 1236 656 missus
1273 624 1378 661 erat

91 657 261 704 orat'or
276 694 291 718 ,
328 672 502 709 contra
524 659 598 722 jus
613 662 835 728 gentium
855 665 1120 732 pugnasset.
1144 674 1223 723 cui
1243 673 1376 738 judi-

91 720 174 769 cio
194 737 307 772 eum
327 742 460 775 mors
478 725 601 776 adeo
624 743 901 796 opportuna
916 769 932 793 ‚
960 748 1016 785 ut
1047 735 1374 796 voluntariam

95 802 269 854 magna
305 808 414 858 pars
449 792 704 856 crederet,
738 795 990 851 subtraxit.
1027 804 1372 872 Inter-regnum

93 852 302 906 initum:
342 862 397 909 P.
433 860 701 910 Cornelius
724 863 890 931 Scipio
909 865 1122 920 interrex
1143 909 1159 932 ,
1195 876 1246 923 δε
1267 876 1371 942 post

14 966 21 971 .
91 935 205 970 eum
240 927 308 973 M.
347 925 519 975 Furius
553 927 792 978 Camillus
823 931 1017 984 iterum.
1057 940 1105 986 Is
1141 939 1368 993 tribunos

86 986 300 1038 militum
322 992 562 1043 consulari
581 995 815 1061 potestate
837 1014 970 1048 creat
985 1039 1000 1061 ‚
1034 1006 1087 1053 L.
1119 1005 1368 1061 Valerium
1391 1018 1475 1056 U-c-
1490 1025 1574 1074 3⁸66.

85 1052 389 1118 Popl'icolam
411 1059 623 1121 iterum,
655 1065 711 1110 L.
750 1063 1058 1130 Virginium,
1088 1072 1141 1120 P.
1175 1076 1365 1127 Corne·
1386 1068 1576 1151 ³⁶53?ss

81 1115 229 1180 lium,
273 1124 335 1170 A.
376 1125 645 1188 Manlium,
678 1131 730 1178 L.
774 1131 1055 1196 AEmilium,
1101 1141 1156 1189 L.
1196 1142 1482 1197 Postu-stri&
1523 1166 1574 1202 Π.

77 1185 245 1238 mium.
284 1190 351 1239 Hi
372 1207 434 1240 ex
468 1193 750 1260 interregno
781 1214 935 1312 quum
966 1203 1214 1273 extemplo
1251 1226 1358 1260 ma-
1383 1208 1459 1292 ᾗῇ
1487 1212 1560 1248 Tr.

78 1250 330 1318 gistratum
360 1255 552 1309 inissent
571 1297 587 1320 ‚
618 1259 749 1311 nulla
816 1281 841 1313 e
878 1282 928 1316 re
951 1267 1083 1334 prius
1110 1274 1261 1339 quam
1297 1276 1358 1328 de
1429 1282 1472 1310 ‘³‘

78 1317 167 1368 reli
205 1321 402 1375 ionibus
459 1327 677 1378 senatum
735 1331 1038 1386 consuluere.
1085 1340 1141 1387 In
1187 1344 1355 1407 primis

76 1383 177 1435 foe,
193 1404 273 1438 era
289 1407 344 1439 ac
362 1390 492 1459 leges
518 1394 688 1457 (erant
709 1411 873 1448 autem
892 1416 955 1449 eae
978 1401 1242 1459 duodecim
1276 1424 1354 1461 ta-

77 1450 235 1515 bulae,
274 1458 327 1506 &
366 1459 586 1525 quaedam
620 1462 760 1528 regiae
787 1463 955 1532 leges)
981 1474 1210 1539 conquiri
1246 1494 1354 1543 quae

75 1534 413 1588 comparerent
444 1563 458 1585 ‚
499 1525 750 1591 jusserunt.
797 1540 820 1572 5
868 1532 959 1583 alia
1004 1553 1063 1585 ex
1111 1541 1180 1589 eis
1220 1544 1353 1597 edita

74 1580 220 1649 etiam
243 1589 291 1638 in
326 1590 537 1655 vulgu83
572 1612 679 1661 quae
698 1609 862 1648 autem
891 1599 950 1650 ad
983 1603 1110 1654 sacra
1138 1611 1353 1672 pertine-

0 1702 2 1711 ἱ
74 1649 223 1719 bant,
255 1653 280 1704 a
300 1658 616 1723 pontificibus
649 1663 882 1725 maxime,
919 1682 975 1717 ut
1006 1670 1243 1739 religione
1262 1677 1350 1727 ob-

70 1715 258 1770 stristos
279 1721 515 1775 haberent
532 1727 865 1782 multitudinis
882 1735 1067 1787 animos
1082 1778 1098 1800 ‚
1133 1742 1349 1810 suppresl-

69 1785 273 1838 sa.Tum
306 1789 328 1823 ⁶
353 1791 413 1841 de
435 1792 609 1844 diebus
631 1795 863 1862 religiosis
889 1801 1057 1867 agitari
1082 1823 1308 1874 coeptum
1325 1851 1345 1874 ,

67 1849 299 1918 diemque
317 1873 359 1908 a.
384 1857 430 1908 d.
455 1876 532 1910 xv.
566 1863 796 1913 Kalendas
815 1869 1021 1920 Sextiles
1038 1871 1223 1940 duplici
1247 1878 1348 1929 cla-

68 1917 130 1968 de
152 1920 384 1988 insignem
406 1928 426 1987 (
467 1944 532 1976 uo
555 1927 633 1978 die
665 1928 723 1979 ad
746 1933 1032 1986 Cremeram
1056 1941 1182 1992 Fabii
1208 1945 1307 1994 caesi
1329 1964 1344 1997 ε
1414 1998 1417 2002 ,

67 2001 170 2052 quo
199 1987 375 2040 deinde
398 1943 460 2042 ad
491 1993 669 2045 Alliam
692 2013 805 2047 cum
843 2003 997 2053 exitio
1034 2005 1168 2057 urbis
1200 2009 1341 2064 foede

63 2067 336 2120 pugnatum
358 2058 377 2117 )
403 2057 429 2108 ὲ
448 2060 713 2127 posteriore
737 2063 871 2115 clade
896 2069 1161 2125 Alliensem
1182 2080 1340 2146 appel-

60 2116 251 2183 larunt,
282 2123 615 2195 insignemque
636 2130 703 2178 rei
723 2130 844 2181 nulli
865 2135 1061 2201 publice
1087 2141 1338 2208 privatim-

61 2189 375 2254 que‘agendae
393 2190 632 2245 fecerunt.
665 2197 888 2260 Quidam
907 2237 921 2260 ‚
948 2205 1086 2271 quod
1108 2210 1338 2275 postridie

58 2250 182 2305 Idus*
203 2257 458 2322 Quintiles
495 2276 595 2310 non
628 2261 802 2315 litasset
825 2267 1075 2336 Sulpicius
1108 2276 1339 2333 tribunus

116 2415 133 2450 ς
163 2408 267 2449 ,Alia
290 2423 337 2450 ex
356 2412 446 2464 eis]
478 2415 572 2455 Alia
597 2430 662 2456 ea·
719 2417 772 2458 ste
788 2421 836 2459 A.
854 2422 954 2463 Geli.-
971 2429 1041 2466 IV.
1062 2440 1098 2471 9.
1117 2429 1212 2469 tristi
1229 2435 1333 2472 omi-

57 2468 147 2497 rum
176 2462 306 2516 legum
327 2471 456 2519 capita
484 2469 663 2521 publica·
719 2485 767 2511 ne
795 2475 961 2517 infames
985 2481 1239 2536 impedirique
1255 2516 1265 2533 ,
1290 2490 1331 2527 in

56 2523 147 2552 runt
164 2530 172 2553 ε
190 2530 274 2568 quae
293 2519 344 2558 ad
364 2522 473 2560 sacra
498 2526 666 2575 pertine·
720 2527 860 2578 quibus
876 2533 916 2569 &
933 2545 990 2571 res
1005 2533 1155 2575 divinas
1173 2537 1300 2579 facere
1313 2570 1329 2590 ,

53 2564 149 2605 bant
174 2570 381 2623 suppressa,
722 2582 763 2618 δε
797 2595 878 2621 rem
911 2591 1139 2640 quampiam
1179 2604 1329 2635 novam

111 2627 136 2656 6
182 2627 241 2661 De
280 2625 412 2667 diebus
454 2628 665 2683 religiosis]
719 2635 890 2678 exordiri
914 2644 1210 2693 temperandum
1233 2647 1298 2687 est.

55 2672 241 2727 Religiosi
271 2679 351 2720 dies
380 2680 584 2735 dicuntur,
608 2699 663 2727 te-

1012 2751 1058 2798 A
1094 2750 1125 2818 {j
