1680 3110
292 136 372 195 32
666 121 1199 193 T.L1v11

81 214 267 258 v.c.37=,
280 200 412 265 spero
434 196 456 264 )
481 199 696 265 feliciter
734 221 979 274 expertum.
1015 214 1194 264 Minore
1228 218 1439 284 negotio'3
1478 222 1565 287 qui

82 264 166 299 ²·C·
182 263 269 306 ³81·
290 267 483 332 imperet
516 270 732 319 Patribus
752 308 768 331 ,
800 277 1041 342 imponetis
1058 314 1074 335 ,
1095 278 1262 346 qudm,
1287 288 1371 351 qui
1394 287 1563 352 rcfiste-

289 348 392 380 rent
409 335 740 400 imperantibus
760 375 775 395 ,
800 343 1085 408 imposuistis.
1108 347 1202 395 Solo
1221 354 1564 418 aquandaefimt

289 400 531 448 difflaturae
564 403 903 473 consulatusque
929 445 946 465 ,
977 427 1029 459 ut
1062 427 1195 479 caput
1229 416 1439 467 attollere
1469 427 1561 469 Ro·—

288 483 424 514 mana
450 465 605 532 plebes
630 473 779 537 poffit.
820 478 1012 526 Proinde
1044 481 1216 543 adeste,
1236 486 1469 549 prohibete
1481 494 1562 547 jus

289 532 344 580 de
368 535 578 598 pecuniis
600 537 711 594 dici.
748 546 844 607 Ego
866 560 934 591 me
955 558 1197 611 patronum
1216 550 1427 616 profiteor
1451 554 1562 620 ple-

289 599 383 654 bis,
408 602 526 664 quod
539 603 656 652 mihi
672 623 780 655 cura
797 626 895 657 mea
916 610 974 662 (ξ’
982 611 1102 674 fides
1116 633 1272 664 nomen
1285 619 1451 669 induit.
1470 628 1558 669 Vos

273 664 324 730 fi
339 682 426 730 quo
447 667 613 733 instgni
632 674 781 738 magis
803 676 990 741 imperii
1016 681 1249 744 honorisve
1272 687 1450 734 nomine
1471 705 1560 735 ve-

271 731 425 792 strum
458 734 755 803 appellabitis
788 743 943 790 ducem
967 779 983 799 ,
1016 762 1062 792 eo
1092 752 1289 797 utemini
1310 755 1562 816 potentiore
1622 777 1625 780 ·

286 799 348 844 ad
366 801 605 852 obtinenda
626 821 677 852 ea
700 823 798 870 quae
817 807 983 859 vultis.
1015 811 1136 862 Inde
1158 812 1217 863 de
1238 830 1389 882 regno
1415 834 1564 885 agen-

286 861 336 912 di
362 878 528 916 ortum
545 867 742 921 initium
764 872 946 925 dicitur
967 893 978 925 :
1000 877 1080 927 sed
1101 895 1192 928 nec
1216 898 1329 932 cum
1349 885 1560 950 quibus,

284 944 379 980 nec
412 950 562 999 quem
599 937 658 987 ad
695 936 842 989 finem
883 941 1077 994 consilia
1107 950 1453 1014 pervenerint,
1493 953 1563 1003 sat

286 996 487 1064 planum
510 1003 734 1055 traditur.

127 1072 272 1104 Senatus
359 1066 485 1116 XIX.
514 1073 583 1118 At
604 1070 653 1120 in
676 1088 812 1140 parte
834 1075 983 1127 altera
1005 1079 1194 1130 senatus
1217 1080 1277 1132 de
1302 1093 1319 1118 ¹
1346 1084 1564 1137 seceffio-

79 1115 246 1197 ffjndsom‘
290 1148 351 1182 ne
369 1172 384 1194 ‚
409 1134 459 1183 in
485 1134 689 1187 domum
714 1141 953 1207 privatam
974 1183 991 1205 ‚
1025 1145 1180 1211 plebis
1200 1185 1215 1208 ,
1250 1148 1382 1202 forte
1414 1153 1562 1204 etiam

78 1212 222 1246 amno
288 1199 338 1249 in
369 1218 479 1251 arce
507 1202 739 1269 pofitam,
765 1217 786 1240 2
821 1211 873 1258 Se
904 1211 1179 1264 imminenti
1209 1215 1338 1266 mole
1366 1217 1566 1271 liberta-

77 1259 204 1301 ΨΜ·
287 1266 359 1326 ti,
393 1269 561 1349 agitat.
593 1274 672 1321 Ma
711 1289 769 1324 na
805 1291 913 1341 pars
942 1277 1279 1331 vociferantur
1300 1321 1315 1343 ,
1355 1286 1566 1338 Servilio

286 1333 449 1384 Ahala
480 1354 605 1403 opus
637 1285 727 1390 effe
748 1378 762 1398 ,
788 1341 874 1407 qui
901 1360 999 1393 non
1036 1346 1088 1395 in
1119 1346 1315 1398 vincula
1347 1349 1464 1401 duci
1491 1352 1565 1419 ju·

283 1400 453 1451 hendo
469 1401 628 1453 irritet
643 1405 898 1473 publicum
913 1409 1207 1472 hostem,sed
1221 1416 1367 1466 unius
1379 1417 1566 1483 jaCturss.

287 1466 411 1518 civis
425 1467 560 1519 finiat
584 1471 861 1522 intestinum
877 1474 1078 1529 bellum.
1096 1481 1391 1533 Decurritur
1414 1485 1473 1535 ad
1499 1486 1564 1539 le-

285 1533 478 1584 niorem
504 1537 668 1589 verbis
694 1540 977 1592 sententiam
994 1583 1006 1605 ,
1030 1545 1131 1595 vim
1154 1562 1317 1598 tamen
1341 1550 1562 1605 eamdem

282 1599 580 1666 habentem3
616 1614 633 1646 3
680 1613 741 1656 Ut
778 1610 971 1659 videant
1001 1615 1326 1680 magistratus,
1359 1637 1413 1668 ne
1447 1624 1564 1686 quid

275 1687 338 1718 ex
359 1672 622 1737 perniciosis
656 1674 852 1741 confiliis
881 1685 952 1728 M.
987 1680 1164 1730 Manlii
1193 1683 1448 1749 respublica
1478 1689 1563 1737 de*

282 1736 495 1787 trementi
521 1742 707 1806 capiat.
754 1743 882 1792 Tum
924 1743 1109 1797 tribuni
1148 1748 1390 1800 consulari
1421 1768 1567 1819 pote-

280 1800 404 1853 state
427 1842 440 1864 ‚
470 1804 754 1876 tribunique
786 1808 945 1875 plebei
986 1813 1051 1876 (4
1082 1830 1191 1862 nam
1219 1817 1269 1865 δε
1296 1817 1412 1883 quia
1443 1836 1564 1871 eun-

284 1868 400 1920 dem
424 1873 476 1921 &
500 1873 589 1923 suae
612 1875 862 1940 potestatis
879 1914 894 1937 ‚
917 1894 1065 1945 quem
1081 1879 1320 1932 libertatis
1341 1886 1564 1940 omnium

286 1934 434 1990 finem
469 1941 779 2002 cernebant,
804 1946 1004 1994 Patrum
1037 1947 1317 1999 austeritati
1349 1952 1394 2001 se
1423 1952 1562 2004 dedi-

287 2001 495 2068 derant)
528 2005 582 2056 hi
615 2022 722 2058 tum
754 2026 922 2060 omnes
955 2049 970 2071 ,
1009 2013 1129 2079 quid
1159 2032 1284 2081 opus
1316 2014 1446 2069 fasto
1474 2019 1567 2081 fit&

287 2069 582 2122 consultant.
619 2078 793 2137 Quum
824 2091 994 2146 praeter
1020 2079 1120 2131 vim
1154 2082 1204 2130 δε
1234 2082 1412 2133 caedern
1439 2086 1564 2139 nihil

286 2138 522 2207 cuiquam
555 2157 839 2194 occurreret
859 2182 874 2206 ‚
898 2160 1003 2197 eam
1037 2162 1200 2199 autem
1236 2148 1449 2219 ingentis
1487 2152 1561 2205 di-

339 2311 355 2336 1
386 2301 607 2354 Seceffione]
639 2309 731 2344 Haec
756 2299 810 2345 e'st
832 2306 893 2346 in·
950 2309 1113 2350 mineret
1144 2311 1330 2353 libertati.

282 2353 435 2394 vidiosa
452 2358 493 2393 &
512 2369 626 2395 atrox
653 2360 865 2411 appellatio
880 2390 892 2409 ‚
1006 2378 1019 2411 3
1043 2370 1103 2402 ‘Ut
1114 2366 1273 2404 videant
1289 2366 1557 2424 magistratus]

285 2420 370 2459 quae
399 2407 654 2450 defeetionem
679 2426 791 2452 notat
810 2442 821 2461 ‚
854 2417 894 2452 &
949 2417 1039 2456 vid.
1063 2418 1175 2471 supra
1192 2420 1218 2457 1.
1237 2425 1308 2459 111.
1327 2434 1361 2459 c.
1381 2436 1420 2469 4.

280 2473 396 2511 rupta
421 2461 540 2501 debiti
563 2464 713 2517 legibus
740 2469 780 2505 &
804 2479 892 2507 ma·
1004 2485 1030 2519 4
1052 2475 1151 2508 Nam
1172 2480 1223 2517 (7
1239 2476 1358 2528 quia]
1390 2476 1484 2515 Dele
1499 2478 1562 2517 su-

282 2512 509 2564 gistmtibus
534 2518 711 2570 obsequii
730 2522 830 2571 juta.
948 2536 1183 2575 pervacuam
1200 2527 1384 2566 voculam
1403 2540 1454 2572 (9⁴
1472 2544 1485 2567 .·
1498 2532 1560 2570 ve!

338 2580 357 2605 2
386 2570 434 2605 Et
450 2570 660 2609 imminenti
680 2573 772 2611 mole
788 2572 893 2623 liber·
949 2577 1078 2628 positis
1097 2578 1179 2630 lege
1197 2594 1281 2617 nam
1299 2587 1350 2624 (γ’
1364 2580 1406 2618 ln
1451 2595 1559 2622 nem-

281 2622 386 2671 rati]
405 2624 637 2678 Etpnericulo
652 2655 665 2675 ,
691 2627 796 2680 qnod
812 2629 892 2668 im·
946 2644 995 2683 pe
1017 2631 1163 2672 tribuni
1181 2633 1304 2686 plebis
1320 2661 1334 2683 ,
1353 2634 1442 2690 quia
1458 2665 1467 2675 .
1488 2666 1498 2677 .
1518 2668 1529 2677 .
1546 2666 1559 2680 .
