1680 3110
326 158 451 219 218
736 157 810 216 T.
894 157 948 215 L
1000 176 1118 225 1·v
1166 179 1190 218 1
1241 179 1264 218 ι

111 258 305 300 U.c.431.
328 239 529 290 AEmilio
559 236 875 297 consulibuS,
906 238 1154 301 (Aulium
1192 240 1390 308 quidam
1425 243 1617 293 annales

114 305 200 343 {bc-
218 317 305 349 52¹·
329 305 551 369 habent)
591 304 651 354 ad
686 303 1019 355 defectionem
1054 306 1369 368 Samnitium,
1392 309 1615 377 Apulum

328 390 515 423 novum
566 370 755 421 bellum
813 371 1022 422 acceffit.
1095 371 1324 441 Utroque
1368 376 1618 426 exercitus

330 438 448 489 miffi
476 455 487 487 ε
527 437 747 506 Sulpicio
783 438 1021 489 Samnites
1043 477 1058 499 ‚
1078 438 1226 507 Apuli
1254 441 1451 491 AEmilio
1486 444 1615 492 sorte

330 520 620 556 evenerunt.
677 507 801 555 Sunt
837 506 924 572 qui
959 517 1056 555 non
1084 505 1192 570 ipsis
1220 506 1396 574 Apulis
1432 507 1617 559 bellum

327 571 522 623 illatum
540 610 554 633 ‚
578 571 659 622 sed
679 572 836 622 socios
858 572 960 638 ejus
982 574 1141 640 gentis
1160 572 1370 641 populos
1395 573 1453 622 ab
1477 580 1613 625 Sam·

329 639 509 693 nitium
529 639 578 690 vi
611 653 759 706 atque
789 639 978 705 injuriis
1003 639 1232 691 defensos
1264 639 1492 691 scribant.
1515 644 1616 692 Ce-

331 705 495 756 terum
531 705 730 757 fortuna
766 706 1056 757 Samnitium
1077 705 1161 758 vix
1184 706 1210 757 a
1234 706 1388 775 seipfis
1411 725 1471 757 eo
1497 721 1616 758 tem·

332 790 454 841 pore
473 773 861 843 propulsantium
879 772 1065 822 bellum
1081 810 1096 833 ‚
1118 774 1320 842 propius
1339 788 1392 824 ut
1415 773 1468 824 fit
1491 792 1613 827 vero

331 840 455 892 facit
476 879 489 902 ‚
516 858 616 892 non
651 839 826 909 Apulis
859 840 918 890 ab
950 840 1247 891 Samnitibus
1285 858 1414 891 arma
1449 841 1615 902 illata,

332 908 417 958 sed
454 926 569 959 cum
605 912 815 975 utraque
850 906 987 958 simul
1017 922 1161 972 gente
1184 906 1368 960 bellum
1388 909 1616 959 Romanis

332 974 491 1026 fuifle.
530 981 638 1025 Nec
671 990 833 1025 tamen
867 991 941 1025 res
975 975 1072 1024 ulla
1111 974 1441 1025 memorabilis
1476 975 1614 1026 acta:

330 1057 448 1109 ager
484 1041 715 1111 Apulus,
752 1042 1100 1108 Samniumque
1138 1041 1618 1093 evastatum:hostes

331 1125 426 1160 nec
463 1108 549 1159 hic
576 1148 589 1169 ,
623 1125 713 1159 nec
754 1109 855 1159 illic
895 1108 1098 1160 inventi.
1149 1112 1310 1160 Romae
1342 1110 1615 1167 nocturnus

333 1190 494 1226 terror
529 1176 595 1225 ita
633 1192 693 1225 ex
733 1177 901 1226 somno
942 1176 1179 1244 trepidam
1212 1177 1412 1244 repente
1446 1176 1617 1227 civita-

332 1256 435 1293 tem
467 1242 652 1294 excivit
670 1282 684 1305 ‚
703 1259 759 1294 ut
773 1243 1076 1311 Capitolium
1095 1258 1242 1311 atque
1267 1261 1349 1295 arx
1365 1283 1381 1305 ‚
1405 1244 1619 1294 moenia-

334 1327 435 1377 que
481 1312 532 1360 &
569 1326 754 1377 portae‚
799 1310 941 1378 plena
989 1325 1283 1361 armatorum
1327 1310 1526 1362 fuerint.
1566 1313 1618 1361 &

335 1394 493 1443 quum
517 1379 864 1427 concursatum
892 1416 902 1438 ‚
928 1376 1387 1445 conclamatumque
1409 1376 1468 1428 ad
1488 1394 1618 1428 arma

334 1442 569 1494 omnibus
602 1443 725 1494 locis
763 1444 877 1495 esset
901 1482 916 1505 ,
952 1443 1105 1513 prima
1141 1444 1253 1495 luce
1286 1462 1377 1495 nec
1414 1444 1618 1507 audior,

338 1527 431 1561 nec
462 1512 601 1560 causa
633 1512 833 1561 terroris
859 1511 1149 1579 comparuit.
1183 1511 1370 1562 Eodem
1402 1528 1528 1561 anno
1553 1510 1616 1561 de

133 1578 308 1659 Jnss'vissm
336 1577 626 1627 Tusculanis
663 1578 822 1630 Flavia
859 1578 1111 1645 rogatione
1150 1578 1322 1646 populi
1358 1577 1455 1629 fuit
1479 1577 1616 1642 judi-

115 1627 307 1714 ffj„55:“⁶‘⁴'
336 1644 486 1695 cium.
530 1649 599 1694 M.
623 1644 813 1698 Flavius
846 1645 1072 1695 tribunus
1107 1644 1262 1713 plebis
1291 1644 1406 1696 tulit
1428 1645 1487 1695 ad
1519 1663 1613 1713 ρο-

333 1710 540 1782 pulum,
566 1724 624 1761 ut
650 1722 666 1747 1
699 1712 747 1762 in
777 1711 1079 1763 Tusculanos
1111 1711 1612 1775 animadverteretur,

332 1798 526 1851 quorum
557 1797 707 1829 eorum
734 1794 810 1846 ope
847 1799 899 1828 ac
924 1779 1098 1838 consilio
1117 1779 1344 1829 Veliterni
1367 1781 1625 1830 Priverna·.

331 1848 486 1913 tesque
510 1846 674 1914 populo
702 1854 894 1896 Romano
925 1845 1096 1895 bellum
1124 1847 1345 1914 ficiſj'bnt.
1387 1845 1613 1915 Populus

330 1913 639 1968 Tusculanus
670 1930 783 1963 cum
805 1913 1098 1980 conjugibus
1132 1930 1188 1963 ac
1221 1912 1388 1964 liberis
1411 1915 1615 1964 Romam

331 1980 469 2033 venit
494 1999 504 2030 :
530 1998 585 2032 ea
619 1979 886 2032 multitudo
915 1980 1047 2031 veste
1083 1980 1268 2030 mutata
1286 2018 1301 2041 ‚
1326 1982 1376 2031 δέ
1396 1990 1416 2015 2
1452 1981 1610 2049 specie

328 2064 529 2102 reorum
553 2086 569 2110 ‚
607 2046 763 2097 tribus
808 2047 986 2098 circuit
1009 2086 1024 2109 ‚
1062 2046 1269 2114 genibus
1306 2048 1351 2097 se
1388 2046 1611 2097 omnium
1647 2064 1659 2076 ·

382 2195 396 2220 1
421 2185 470 2221 In
488 2181 714 2236 Tusculanos
729 2210 737 2220 .
755 2210 765 2219 .
785 2211 793 2221 .
813 2211 820 2219 .
847 2196 938 2237 quo-
995 2183 1139 2222 Latinis
1162 2197 1171 2221 z
1193 2195 1238 2220 ac
1268 2180 1492 2220 rebellionis
1522 2193 1611 2233 poe·

325 2250 408 2277 rum
429 2242 581 2286 eorum]
604 2239 645 2272 In
671 2236 910 2275 Tusculanos
926 2266 938 2284 ,
994 2250 1087 2275 nam
1107 2238 1219 2288 pauci
1236 2236 1410 2274 auctores
1426 2234 1611 2274 sustinue-

325 2302 409 2334 non
434 2304 569 2328 omnes
595 2289 752 2343 quidem
771 2319 783 2338 ,
808 2290 869 2328 sed
898 2293 939 2328 in
994 2302 1094 2329 rant.
1124 2290 1215 2329 Vid.
1239 2287 1350 2340 supra
1379 2301 1413 2327 c.
1438 2299 1500 2336 14.
1529 2292 1608 2328 Ni-

326 2344 420 2385 illos
457 2358 594 2382 eorum
618 2372 629 2392 ,
658 2342 732 2382 five
774 2357 820 2382 ex
859 2345 936 2393 eis,
993 2344 1053 2382 hil
1081 2343 1126 2383 de
1147 2346 1192 2381 iis
1216 2342 1346 2395 postea
1369 2341 1419 2380 ad
1445 2343 1522 2380 hoc
1551 2343 1613 2381 us-

323 2411 498 2450 quorum
532 2412 604 2449 ope
636 2410 680 2436 ac
715 2397 903 2437 consilio.
924 2426 933 2436 .
993 2412 1066 2450 que
1106 2409 1253 2449 tempus
1297 2397 1425 2434 Livius
1470 2396 1606 2435 habet.

327 2452 505 2494 Solennis
531 2465 613 2490 erat
641 2451 816 2491 formula
834 2481 846 2499 ,
874 2452 941 2506 qui
994 2452 1063 2491 sed
1082 2450 1172 2490 illos
1196 2453 1297 2489 circa
1318 2451 1401 2490 haec
1427 2462 1606 2502 tempora

323 2520 462 2546 eorum.
504 2505 687 2556 Exempla
721 2505 808 2544 vide
835 2506 936 2557 apud
992 2507 1120 2545 rursus
1161 2502 1360 2543 rebellasse
1404 2503 1608 2556 colligitur

323 2559 500 2599 nostrum
545 2565 576 2599 X
594 2564 728 2598 XIII.
781 2571 843 2605 25.
895 2562 934 2597 &
991 2573 1034 2599 ex
1054 2559 1180 2599 Plinio
1200 2587 1210 2606 ‚
1236 2559 1262 2596 l.
1288 2563 1375 2596 VII.
1397 2571 1430 2595 c.
1453 2570 1518 2604 43.

324 2618 470 2653 XXVI.
495 2628 556 2662 34.
584 2618 707 2652 Porro
727 2613 934 2652 Tusculani
1041 2626 1062 2651 2
1083 2616 1199 2665 Specie
1217 2618 1386 2661 reorum]
1408 2610 1497 2651 vid.
1514 2622 1598 2650 not.

323 2669 608 2710 rebellaverant
656 2681 747 2710 cum
799 2670 934 2708 ceteris
992 2679 1028 2716 5.
1047 2667 1097 2708 ad
1121 2670 1191 2709 VI.
1215 2677 1274 2713 ¹7·
1300 2661 1429 2718 supra.
