1669 3052
420 134 470 201 L
515 159 538 201 1
579 155 616 201 Β
657 157 694 199 Ε
732 160 777 201 R
849 133 921 200 X.
1193 140 1323 219 389

54 217 210 290 gloria
233 219 397 273 fuisset
419 221 620 291 captivae
648 220 864 289 pecuniae
886 221 936 270 in
966 221 1187 273 aerarium
1217 221 1324 271 illa-
1355 238 1542 279 u.c·.4<9.

53 303 112 339 tae
131 327 146 349 ,
177 291 225 338 δε
250 288 394 339 militi
418 304 522 340 tum
543 287 644 338 dari
662 304 722 338 ex
743 287 928 356 praeda,
955 289 1006 337 &
1030 286 1325 356 stipendium
1352 286 1542 329 ²·C·29³0

52 353 259 406 militare
305 355 506 432 praestari
551 352 794 423 potuiffet.
837 353 1011 404 AEdem
1064 353 1270 418 Quirini
1305 391 1327 417 ‚

52 422 78 483 (
99 429 123 462 5
142 438 288 488 quam
305 439 356 472 in
373 422 469 490 ipsa
492 421 806 471 dimicatione
831 435 998 471 votam
1023 421 1151 489 apud
1175 420 1327 471 nemi*

52 502 165 536 nem
183 503 399 539 veterem
420 487 668 538 au&orem
689 487 918 547 invenio,
936 504 1098 555 neque
1119 487 1328 539 hercule

51 567 150 603 tam
184 554 364 620 exiguo
409 569 628 622 tempore
665 551 898 619 perficere
940 552 1172 619 potuisset
1202 555 1224 620 )
1263 553 1326 604 ab

48 618 290 670 dictatore
321 634 455 686 patre
479 635 643 670 votam
675 618 803 669 filius
836 619 1006 668 consul
1036 619 1324 684 dedicavit,

48 686 405 754 exornavitque
447 686 659 737 hostium
710 684 888 752 spoliis.
938 703 1151 754 quorum
1189 701 1324 739 tanta

48 751 320 803 multitudo
363 752 492 815 fuit,
530 769 586 804 ut
626 769 723 802 non
757 750 995 819 ternplum
1025 752 1214 804 tantum
1245 753 1325 804 fo==

48 827 260 887 rumque
283 819 360 870 his
387 834 644 871 ornaretur
671 857 686 880 ,
723 819 803 868 sed
835 818 977 868 sociis
1008 820 1154 869 etiam
1184 819 1330 871 colo-

48 885 220 952 nisque
249 885 468 936 finitimis
491 926 505 948 ,
558 886 617 936 ad
654 885 952 953 templorum
989 884 1323 954 locorumque

6 1006 11 1007 ⁷
46 950 365 1021 publicorum
391 967 622 1003 ornatum
640 991 655 1012 ‚
687 950 1036 1003 dividerentur.
1079 957 1122 1003 A
1146 953 1325 1004 triurn-

47 1017 151 1086 pho
174 1020 445 1069 exercitum
475 1019 526 1069 in
562 1034 732 1086 agrurn
766 1019 1031 1069 Vescinum
1051 1057 1067 1079 ‚
1106 1020 1222 1086 quia
1240 1036 1320 1070 re-

47 1085 133 1151 gio
162 1102 216 1136 ea
237 1084 405 1136 infesta
427 1085 486 1136 ab
511 1085 811 1137 Samnitibus
833 1099 935 1134 erat
959 1121 973 1143 ‚
1004 1084 1321 1137 hibernatum

46 1151 206 1203 duxit.
248 1155 383 1204 Inter
414 1152 516 1202 haec
548 1151 795 1203 Carvilius
831 1150 1000 1202 consul
1036 1151 1083 1201 in
1127 1152 1322 1203 Etruria

46 1218 289 1270 Troilium
329 1218 537 1287 primum
575 1233 858 1287 oppugnare
897 1216 1099 1269 adortus
1139 1257 1153 1280 ‚
1191 1237 1322 1288 qua-

48 1284 338 1352 dringentos
390 1285 693 1355 septuaginta
743 1283 996 1336 ditissimos
1038 1323 1054 1346 ,
1110 1284 1324 1352 pecuniss

49 1351 221 1419 grandi
243 1352 408 1421 pactos
431 1391 447 1413 ‚
477 1367 534 1404 ut
556 1351 688 1403 abire
723 1350 835 1402 inde
867 1352 1040 1404 liceret
1060 1390 1074 1414 ‚
1107 1352 1285 1403 dimisit
1305 1370 1323 1404 τ

50 1433 264 1481 ceteram
293 1419 663 1470 multitudinem
701 1417 1037 1487 oppidumque
1077 1418 1233 1485 ipsum
1268 1417 1325 1471 νῖ

48 1486 194 1552 cepit.
220 1485 331 1536 inde
350 1487 570 1554 quinque
593 1485 784 1536 castella
800 1524 815 1546 ‚
841 1485 965 1536 locis
989 1486 1072 1536 sita
1093 1485 1324 1548 munitiS,

49 1553 365 1620 expugnavit.
394 1555 526 1603 Caesa
559 1553 627 1602 ibi
659 1552 869 1603 hostium
893 1552 994 1603 duo
1022 1551 1171 1602 millia
1201 1571 1323 1627 qua-

49 1620 295 1687 dringenti
321 1638 331 1670 ε
353 1619 512 1670 miritis
544 1618 645 1671 duo
671 1619 822 1670 millia
852 1620 1000 1688 capti.
1038 1621 1098 1668 Et
1129 1618 1325 1671 Faliscis

45 1704 216 1756 pacem
231 1687 511 1753 petentibus
530 1703 710 1737 annuas
729 1686 951 1737 inducias
968 1685 1104 1736 dedit
1123 1686 1322 1754 :pastus

49 1754 72 1788 ⁶
93 1767 294 1804 centum
310 1753 460 1805 millia
483 1754 646 1822 gravis
668 1753 770 1804 aeris
786 1792 802 1814 ,
822 1756 872 1807 δὲ
898 1753 1191 1820 stipendium
1213 1752 1320 1820 ejus
1559 1815 1563 1816 ⁷

18 1821 159 1871 ‘anni
182 1820 437 1871 militibus.
473 1821 563 1871 His
580 1820 726 1871 rebus
765 1819 882 1871 astis
913 1820 974 1871 ad
1009 1820 1318 1889 triumphum
1367 1828 1544 1884 „Car-uffo

49 1885 250 1938 deceffit
266 1927 278 1947 ‚
304 1902 360 1938 ut
376 1885 536 1939 minus
555 1887 743 1938 clarum
762 1886 823 1938 de
841 1886 1318 1956 Samnitibu5,qu{un
1342 1873 1541 1968 ssgujnm

48 1953 249 2021 collegae
267 1954 545 2022 triumphus
569 1953 728 2006 fuerat
746 1990 763 2015 ‚
802 1953 870 2004 ita
897 1953 1100 2005 cumulo
1129 1955 1321 2006 Etrusci
1434 1953 1445 1965 ²

46 2019 163 2073 belli
194 2035 455 2091 aequatum.
488 2032 510 2064 7
535 2022 658 2073 AEris
688 2020 847 2090 gravis
877 2021 993 2073 tulit
1023 2021 1074 2071 in
1100 2021 1323 2076 aerarium

101 2166 118 2202 5
154 2154 286 2205 Quam
316 2156 356 2194 in
389 2155 469 2211 ipsa
503 2155 660 2196 dimica-
713 2169 794 2197 non
810 2155 860 2196 ab
884 2156 962 2198 hoc
986 2157 1168 2206 consule,
1188 2169 1329 2211 utpote>

45 2207 175 2258 tione]
203 2211 247 2246 In
273 2211 318 2248 iis
342 2223 429 2300 1‹juae
453 2210 659 2249 includun-
711 2225 825 2266 quam
841 2240 852 2249 .
868 2240 903 2251 ..
928 2212 1138 2250 dedicavit.

49 2274 113 2302 tur
151 2263 367 2314 parenthei
406 2265 532 2302 Livius
572 2267 658 2316 opi·
764 2272 787 2301 6
832 2268 984 2303 Centum
1027 2263 1151 2304 millia
1187 2265 1328 2317 graviae

47 2318 209 2356 nionem
243 2315 386 2355 refellit
416 2330 553 2355 eorurn
590 2320 657 2370 qui
711 2319 830 2368 aeris]
868 2321 1025 2358 Mar-cas
1060 2321 1212 2370 argenti
1247 2331 1324 2357 ηο-ὸ

48 2370 248 2410 crederent
265 2369 388 2408 aedem
408 2373 564 2417 Quirini
584 2385 655 2410 vo-
712 2371 845 2411 strates
865 2380 956 2421 156.
974 2385 1066 2412 cum
1085 2372 1235 2411 duabus
1253 2384 1329 2412 un*-

47 2434 132 2462 tam
151 2423 201 2461 ab
228 2424 306 2462 hoc
330 2423 486 2462 consule
513 2428 552 2462 in
576 2426 656 2477 ipsa
710 2427 791 2464 ciis.

48 2475 101 2514 ad
137 2477 395 2528 Aquiloniam
435 2477 659 2517 dimicatio·
762 2491 786 2525 7
821 2479 995 2520 eAEris..
1022 2488 1181 2519 trecenta
1207 2493 1329 2519 nona·

48 2542 110 2568 ne.
151 2532 285 2582 Itaque
315 2545 424 2569 mens
457 2532 658 2571 scribentis
707 2532 818 2584 ginta
855 2529 1010 2583 millia]
1060 2537 1218 2573 Marcas
1259 2546 1325 2572 ar-

48 2583 134 2638 haec
169 2582 243 2621 fuit
274 2599 284 2622 :
319 2583 472 2623 eAEdem
498 2586 661 2640 Quirini
713 2587 819 2637 genti
846 2594 938 2636 605.
969 2599 1060 2625 cum
1090 2586 1215 2633 tribus
1251 2599 1325 2627 un*

46 2636 96 2678 ab
134 2635 326 2679 afflatore>
349 2647 457 2693 patre
497 2648 658 2690 votam,
713 2641 803 2679 ciis.»

984 2693 1028 2744 R
1053 2708 1104 2760 ιι)
