1680 3110
312 162 442 231 214
722 149 797 210 T.
893 149 948 208 L
994 170 1019 209 1
1067 170 1112 211 v
1161 172 1187 212 1
1231 171 1259 211 1

92 235 282 281 U·c·430·
311 234 376 282 im
410 235 503 283 erio
524 233 677 299 spreto
700 266 716 287 ,
757 246 978 297 tanquam
1012 235 1083 281 rei
1109 248 1269 300 parva>
1291 268 1307 294 ,
1340 229 1592 299 disciplina
1654 230 1668 286 f

92 284 281 330 *⁶⁶³⁰*
310 303 377 349 mi
400 302 539 348 itaris
560 299 725 363 eversae
743 301 988 357 juventuti
1003 301 1212 366 gratiam
1231 303 1404 366 facere.
1440 307 1489 347 Se
1510 314 1589 347 ta-

308 384 409 416 men
427 365 733 432 perstaturum
759 366 808 412 in
830 365 1006 432 incepto
1029 388 1043 414 .·
1066 384 1145 415 nec
1168 369 1242 428 ei,
1259 369 1344 433 qui
1365 361 1590 415 adversus

306 433 481 481 dictum
504 433 640 495 suum
673 433 874 480 turbatis
907 431 1212 500 religionibus
1233 452 1286 482 ac
1308 435 1461 482 dubiis
1489 433 1589 496 aust
1661 470 1667 482 ,.

299 499 448 565 piciis
466 498 725 565 pugnaffet,
745 500 992 565 quicquam
1021 518 1072 549 ex
1083 501 1207 563 justa
1229 513 1359 567 poena
1379 497 1588 565 remiffu-
1655 522 1666 563 ;

306 583 427 614 rum.
471 567 683 628 Majestas
714 567 902 632 imperii
923 580 1201 634 perpetuane
1233 567 1330 633 effet
1349 602 1364 623 ,
1393 584 1477 613 non
1507 564 1585 630 effi‘
1653 605 1663 625 2.

304 633 355 680 in
383 633 471 695 su‘a
505 633 717 698 potestate
751 654 766 679 .·
801 639 850 682 L.
876 635 1118 699 Papirium
1143 634 1264 683 nihil
1286 635 1338 682 de
1362 638 1456 692 ejus
1479 638 1586 692 jure
1657 679 1660 682 Α

307 700 664 749 deminuturum.
700 705 871 764 Optare
889 734 904 757 ‚
927 717 980 747 ne
988 702 1180 768 potestas
1205 702 1482 756 tribunitia,
1504 700 1584 747 in·

307 764 488 814 violata
523 767 653 833 ipfh,
696 764 841 814 violet
873 767 1174 834 intercefflone
1204 766 1296 832 sud
1338 773 1586 816 Romanum

306 833 551 898 imperium
567 869 582 889 ,
607 850 693 881 neu
707 830 902 899 populus
924 839 1148 883 Romanus
1167 836 1217 883 in
1232 835 1285 898 se
1305 834 1586 901 potiffimum
1658 838 1680 881 ἶ·

306 900 575 949 άὶἑῖαιονεηι
611 900 669 953 (⁹9⁴
692 906 773 958 jus
806 900 1043 950 difflaturae
1081 901 1352 967 exstinguat.
1394 902 1528 966 Quod
1542 899 1593 966 fi
1663 899 1669 956 ἶ,

295 967 473 1033 fteiffet
493 1003 508 1023 ,
532 985 616 1015 non
640 973 691 1016 L.
716 967 982 1033 Papirium,
997 969 1081 1033 sed
1104 969 1307 1017 tribunos
1326 1003 1342 1024 ,
1360 966 1443 1032 sed
1465 980 1585 1034 pra·

307 1052 420 1082 vum
444 1033 608 1102 populi
633 1035 863 1093 judicium
896 1037 1198 1102 nequicquam
1224 1036 1420 1102 posteros
1451 1052 1584 1084 accu-

294 1102 481 1165 saturus
507 1123 521 1148 .·
555 1118 693 1167 quum
705 1099 890 1166 polluta
902 1101 1046 1167 semel
1072 1102 1274 1151 militari
1305 1099 1584 1168 disciplind,

303 1186 392 1216 non
425 1167 559 1216 miles
593 1169 870 1218 centurionis
890 1204 905 1226 ,
930 1187 1015 1218 non
1036 1171 1237 1218 centurio
1267 1171 1475 1224 tribuni,
1499 1184 1584 1215 non

304 1236 519 1284 tribunus
540 1233 718 1300 legati,
734 1253 817 1283 non
841 1235 1020 1302 legatus
1035 1235 1227 1300 consulis
1235 1271 1251 1293 ,
1266 1255 1350 1285 non
1369 1236 1583 1300 magister

303 1304 513 1368 equitum
544 1303 784 1350 dictatoris
808 1317 973 1370 pareat
1012 1305 1242 1370 imperio:
1272 1321 1397 1352 nemo
1434 1302 1584 1350 homi-

303 1386 441 1426 num,
467 1387 592 1418 nemo
617 1369 797 1418 deorum
822 1371 1142 1419 verecundiam
1165 1372 1325 1419 haheat
1345 1391 1359 1418 .·
1381 1388 1465 1417 non
1487 1368 1583 1417 edi-⁷

303 1437 382 1484 &a
404 1438 728 1504 imperatorum
751 1473 766 1493 ,
788 1455 873 1485 non
905 1439 1110 1505 auspicia
1146 1440 1435 1502 observentur
1458 1435 1582 1501 :stne

303 1519 557 1553 commeatu
588 1505 706 1569 vagi
736 1503 912 1553 milites
939 1506 989 1552 in
1016 1519 1209 1571 pacato,
1234 1507 1282 1553 in
1319 1503 1478 1567 hostico
1513 1519 1582 1550 er-

304 1586 407 1618 rent
427 1589 448 1630 ‚·
491 1572 774 1620 immemores
796 1573 1105 1636 sacramenti,
1143 1570 1336 1620 licentia
1359 1567 1464 1633 sold
1491 1570 1577 1633 se,

299 1639 384 1686 ubi
400 1636 603 1696 -velint5
629 1639 913 1688 exauC't'orent
934 1659 948 1686 .·
977 1640 1286 1705 infrequentia
1319 1638 1580 1701 deserantur

284 1704 426 1772 figna
448 1726 463 1753 .·
488 1721 632 1771 neque
657 1707 955 1754 conveniatur
977 1707 1035 1754 ad
1061 1707 1257 1756 ediiium
1277 1741 1293 1764 ,
1314 1721 1393 1752 nec
1417 1704 1583 1766 discer-

303 1787 441 1820 natur
475 1772 678 1822 interdiu
700 1774 823 1822 ηοὶἵε
845 1809 861 1829 ,
891 1791 1013 1839 aequo
1049 1775 1221 1839 iniquo·
1235 1770 1485 1837 loco‚juffu
1506 1771 1581 1818 in-

288 1838 411 1904 juffit
443 1840 735 1906 imperatoris
747 1854 953 1907 pugnent
973 1860 988 1887 .·
1014 1839 1074 1894 (J
1109 1858 1193 1888 non
1203 1839 1336 1906 figna
1358 1873 1374 1894 ,
1398 1856 1481 1885 non
1505 1854 1582 1885 or-

303 1907 433 1954 dines
456 1908 677 1969 servent:
703 1906 941 1956 latrocinii
971 1909 1096 1955 modo
1131 1926 1247 1957 caeca
1280 1905 1337 1959 dy
1349 1902 1579 1970 fortuita,

293 1986 380 2040 pro
395 1971 575 2035 solenni
599 1973 659 2026 ὠ
685 1981 701 2016 3
725 1975 944 2038 fitcrata,
967 1973 1144 2023 militia
1167 1973 1246 2040 stt.
1282 1980 1455 2022 Horum
1482 1973 1581 2019 cri-

301 2041 476 2088 minum
511 2059 595 2088 vos
629 2057 727 2089 reos
761 2042 812 2090 in
846 2043 995 2090 omnia
1025 2039 1183 2105 secula
1219 2039 1366 2106 offerte
1404 2039 1584 2087 tribuni

292 2105 466 2221 plebei.
494 2113 518 2146 4
539 2108 688 2170 vestra
710 2109 896 2158 obnoxia
919 2109 1071 2175 capita
1091 2123 1171 2173 pro
1192 2106 1384 2156 licentia
1402 2110 1467 2170 Q.-
1487 2112 1578 2153 Fa-

333 2173 376 2226 io
409 2174 604 2231 objicite.

369 2242 598 2291 XXXV.
638 2241 900 2308 Stupentes
938 2238 1201 2305 tribun05,
1227 2243 1282 2291 δε
1317 2240 1450 2291 suam
1482 2236 1578 2305 jam

280 2385 282 2387 ’
302 2391 422 2431 timus
444 2390 498 2430 est
515 2419 526 2438 ,
555 2391 597 2429 &
617 2390 794 2442 apprime
817 2402 911 2429 con·
1022 2403 1047 2439 4
1075 2388 1206 2443 Vestra
1228 2387 1388 2427 obnoxia
1407 2387 1533 2442 capita
1550 2392 1570 2437 ]

304 2447 410 2502 gruit
437 2447 477 2485 &
504 2457 685 2485 numerus
715 2446 755 2485 &
780 2442 913 2483 forma
968 2443 1104 2483 Vestra
1125 2446 1252 2495 capita
1270 2440 1498 2500 obstringite
1518 2452 1578 2479 tot

290 2500 540 2539 litteratum.
969 2498 1200 2536 criminibus
1216 2524 1230 2544 ,
1257 2507 1298 2534 ut
1323 2496 1577 2547 gratificemi-

359 2567 374 2601 3
398 2556 584 2603 Sacrata]
611 2551 759 2592 Militia
785 2552 911 2591 sacra·
968 2554 1008 2590 ni
1038 2557 1089 2599 Q.
1118 2552 1238 2590 Fabio
1262 2578 1275 2598 ‚
1307 2551 1348 2590 δι
1378 2549 1577 2590 licentiam

304 2618 341 2645 ra
364 2608 584 2646 habebatur
609 2607 663 2647 ob
691 2607 910 2648 sacramen·
969 2608 1049 2659 ejus
1074 2606 1276 2647 tueamini.

302 2672 384 2701 rum
408 2662 596 2701 militare.
