1669 3052
400 115 452 178 L
495 127 520 177 ἰ
566 133 603 175 B
645 127 683 171 Ε
723 130 765 173 R
844 107 918 170 X.
1176 120 1303 185 357

30 207 138 262 cius
165 206 215 255 &
239 213 377 252 aetate-
399 237 416 260 ,
445 202 497 249 δε
520 196 692 263 vigore
720 190 898 251 animi,
923 198 1302 255 quantumcum-
1324 193 1512 232 u.c.4<⁷.

25 288 132 341 ‘que
165 269 345 321 virium
376 264 547 314 habuit
567 301 581 322 ,
617 257 881 310 certamine
920 253 1077 322 primo
1112 250 1304 302 effudit.
1322 240 1514 279 λαως·

34 341 126 397 Et,
161 335 275 403 quia
315 331 494 382 lentior
538 325 799 379 videbatur
839 320 1069 391 pedestris
1108 333 1304 386 pugna,

40 401 316 471 equitatum
335 400 386 448 in
411 412 624 464 pugnam
647 391 895 442 concitat:
919 392 969 438 δε
995 386 1093 454 ipse
1112 423 1124 445 ‚
1148 382 1310 433 fortis-

39 469 159 524 fimae
190 467 423 529 juvenum
455 477 623 512 tutmae
649 455 885 507 immistus
905 492 918 513 ‚
943 467 1050 502 orat
1083 465 1313 519 proceres

41 532 311 604 juventutis
338 568 353 589 ‚
392 530 440 578 in
468 527 656 577 hostem
687 538 744 573 ut
780 523 943 571 secum
974 519 1214 585 impetum
1244 514 1317 565 fa·-

0 621 1 626 ’
45 601 194 663 ciant.
227 596 474 663 Duplicem
498 592 685 641 illorum
704 587 904 654 gloriam
916 584 1103 649 fore,st
1120 586 1173 632 ab
1199 582 1316 630 laeve

46 682 182 718 cornu
217 665 275 717 (φ
310 663 364 710 ab
394 662 548 726 equite
580 656 782 705 vifioria
808 653 1022 717 incipiat.
1072 649 1154 698 Bis
1181 665 1318 698 aver-

47 732 152 784 tere
175 728 422 780 Gallicum
455 723 748 793 equitatum.
783 725 961 768 iterum
986 713 1178 780 longius
1203 730 1318 764 eve-

51 799 154 852 &os
175 837 192 858 ‚
221 799 271 846 &
295 794 387 856 jam
413 792 537 842 inter
561 787 716 839 media
741 783 968 853 equitum
995 781 1182 847 agmina
1205 796 1322 846 ptae-

53 865 174 917 lium
204 862 389 911 cientes
406 896 418 916 ‚
442 873 626 908 novum
655 867 825 920 pugnae
854 846 1128 898 conterruit
1150 861 1326 912 genus,

57 942 81 970 2
117 927 284 979 effedis
316 924 558 991 carrisque
596 918 860 986 superstans
898 927 1109 964 armatus
1144 911 1329 972 hostis,

63 995 254 1064 ingenti
286 992 444 1041 sonitu
475 1003 718 1056 equorum
751 997 1066 1046 rotarumque
1098 977 1328 1038 advenit,

66 1067 115 1114 δε
140 1059 357 1112 insolitos
383 1058 486 1118 ejus
514 1049 757 1104 tumultus
786 1052 1113 1097 Rornanorum
1138 1059 1333 1093 contet·

64 1129 165 1181 ruit
184 1141 355 1193 equos.
387 1127 463 1172 Ita
483 1119 721 1173 νίξὶοῑειῃ
743 1134 768 1166 e
809 1115 1018 1164 uitatum
1040 1109 1177 1161 velut
1206 1109 1329 1174 lym·

29 1192 290 1265 ‘phaticus
324 1206 476 1258 pavor
511 1186 697 1253 diffipat
730 1199 741 1230 t
819 1179 944 1229 ernit
982 1175 1092 1227 inde
1130 1189 1328 1226 ruentes

65 1277 223 1329 equos
247 1257 387 1309 vitos
417 1272 477 1305 ue
506 1246 776 1317 improvida
808 1245 937 1312 fuga.
970 1242 1184 1293 Turbata
1213 1241 1332 1291 hinc

65 1330 212 1379 etiam
244 1274 641 1390 fignaciegionum
665 1334 675 1366 z
700 1312 940 1380 multique
963 1310 1144 1377 impetu
1175 1324 1333 1374 equo-

69 1412 178 1446 rum
210 1408 263 1441 ac
289 1386 633 1439 vehiculorum
660 1395 908 1447 raptorum
939 1394 1022 1444 pet
1047 1389 1217 1424 affinen
1246 1372 1336 1422 ob-

68 1459 173 1511 triti
213 1454 502 1520 antefignani
542 1470 556 1498 ·.
591 1453 639 1500 δέ
681 1448 926 1503 insecuta,
960 1442 1077 1492 fimu
1137 1440 1337 1490 territos

69 1525 232 1581 hostes
264 1522 388 1573 vidit
408 1561 421 1582 ,
445 1517 633 1567 Gallica
662 1513 789 1564 acies
820 1509 1007 1560 nullum
1031 1507 1233 1583 spatium
1261 1522 1338 1555 re-

73 1589 284 1662 spirandi
306 1583 669 1656 recipiendique
693 1581 738 1629 se
761 1576 912 1628 dedit.
936 1573 1211 1626 Vociferari
1233 1576 1340 1622 De-

74 1660 209 1713 ciuS‚
233 1654 334 1719 Qu&
351 1652 606 1720 fitgerent?
631 1664 829 1714 quamve
854 1647 903 1692 in
917 1646 1036 1709 fuga
1052 1643 1177 1708 spem
1200 1642 1341 1688 habe-

76 1741 176 1775 rent
195 1726 219 1771 ,ἓ
240 1720 462 1771 obfistere
493 1713 782 1767 cedentibus
803 1747 818 1769 ‚
843 1727 896 1760 ac
927 1723 1156 1761 revocare
1190 1704 1342 1757 fusos-

75 1789 268 1843 Deinde
292 1803 348 1838 ut
374 1784 505 1835 null&
529 1783 578 1835 vi
601 1778 846 1850 perculsos
870 1775 1094 1827 sustinere
1117 1786 1307 1842 poterat
1324 1808 1341 1832 ,

77 1873 265 1928 patrem
299 1856 350 1903 P.
385 1851 596 1902 Decium
630 1846 826 1896 nomine
860 1840 1189 1909 compellans,
1217 1840 1345 1904 Quid
1380 1834 1552 1877 Deciusse

78 1923 205 1973 ultrix
238 1937 382 1970 moror
401 1955 414 1974 ‚
453 1915 644 1983 inquit,
662 1910 904 1978 familiare
929 1911 1084 1974 fatum
1116 1908 1140 1954 ,ἕ
1169 1912 1346 1953 Datum
1362 1885 1530 1923 devovet.

80 1994 160 2043 hoc
184 1989 321 2050 ncstro
340 1986 500 2052 generi
522 1984 579 2045 est
595 2017 611 2037 ,
640 1988 657 2020 ³
685 1995 734 2028 ut
753 1976 930 2025 luendis
946 1971 1172 2041 periculis
1188 1970 1349 2038 publi-

83 2059 151 2106 cis
173 2052 362 2122 piacula
379 2051 538 2115 fimus.
586 2054 687 2101 Iam
721 2062 798 2109 ego
832 2060 1002 2090 mecum
1035 2039 1233 2104 legiones
1265 2041 1350 2085 ho-

67 2125 216 2188 stium
249 2120 511 2169 maffandas
545 2112 725 2163 Telluri
756 2129 808 2159 ac
844 2109 937 2158 diis
970 2108 1186 2156 Manibus
1219 2106 1351 2159 dabo.

133 2242 155 2268 2
188 2226 330 2280 Effedis
353 2222 561 2278 carrisque]
589 2219 687 2272 Effe-
741 2230 860 2272 patet.

83 2282 172 2324 dum
192 2293 275 2321 erat
292 2278 461 2319 vehiculi
477 2275 539 2314 vel
557 2272 690 2314 currus
802 2285 816 2319 3
847 2273 909 2308 Ut
926 2266 1074 2306 luendis
1094 2263 1269 2320 periculis
1288 2272 1354 2318 pu-

87 2349 230 2388 genzis,
251 2333 270 2373 ὲ
298 2346 376 2385 quo
399 2341 568 2383 pugnare
595 2327 694 2365 sole·
746 2324 852 2363 blicis
878 2320 1026 2375 piacula
1047 2318 1191 2369 fimus]
1225 2321 1279 2355 Ut
1302 2315 1351 2355 fi-

88 2391 185 2427 bant
199 2400 343 2427 veteres
361 2384 464 2423 Galli
484 2385 523 2420 δε
541 2383 694 2419 Britan·
748 2391 833 2416 mus
848 2373 952 2428 quali
966 2373 1144 2426 quaedam
1161 2372 1329 2409 vistimae
1342 2396 1360 2417 ,

92 2443 147 2481 ni·
173 2442 297 2479 Carris
321 2437 596 2490 impedimenta
613 2433 695 2485 ple-
749 2430 943 2469 destinatae
961 2427 1011 2465 ad
1038 2424 1220 2470 luendam
1242 2421 1360 2461 defim

94 2508 259 2546 rumque
282 2492 523 2531 vehebantur
543 2503 553 2528 ι
572 2499 698 2539 quan-
753 2486 853 2523 iram
869 2512 880 2530 ,
913 2484 952 2519 ὃῑ
976 2479 1026 2518 ad
1049 2477 1270 2530 excipienda
1296 2489 1373 2515 ca-⁴

98 2561 219 2601 quam
243 2549 283 2585 &
302 2558 439 2584 eorum
459 2554 542 2582 erat
561 2540 609 2579 ad
629 2553 699 2592 pu·
754 2537 898 2590 pitibus
922 2533 1059 2572 nostris
1083 2529 1253 2583 pericula
1280 2540 1365 2583 quae

96 2613 216 2654 gnam
240 2600 325 2640 usus
341 2627 355 2651 ‚
377 2610 418 2638 ut
444 2609 490 2637 ex
512 2598 590 2639 hoc
612 2594 703 2635 loco
757 2588 980 2644 reipublicae
1007 2583 1245 2640 impendent.
