1680 3110
671 108 746 168 T.
839 108 892 168 L
939 130 963 166 1
1012 128 1057 169 v
1107 130 1131 169 1
1175 129 1202 169 1

64 199 202 261 1294<
213 204 249 244 8.
274 123 440 239 {Zffes
463 186 643 256 gestaS,
666 206 879 255 eumque
903 189 1228 257 triumphasse.
1257 188 1430 242 Fabius
1452 207 1555 242 am·

62 253 246 297 3ᾸΜἉ-
276 255 365 305 bos
396 254 617 305 consules
654 256 702 303 in
740 253 968 316 Samnio,
1001 257 1048 304 ὃς
1087 257 1146 306 ad
1186 257 1438 308 Luceriam
1474 272 1553 308 res
1619 279 1626 284 ·

273 320 453 389 geffiffe
473 319 640 369 scribit
659 358 672 379 ‚
693 320 1073 388 tradustumque
1092 323 1141 372 in
1159 324 1397 373 Etruriam
1415 341 1556 374 exet·

275 390 428 438 citum
452 426 462 444 ‚
492 384 611 449 (sed
647 385 705 435 ab
742 402 856 436 utro
890 387 1088 438 contule
1119 406 1217 438 non
1255 388 1466 454 adjecit)
1501 393 1554 441 &

276 455 336 504 ad
369 453 624 503 Luceriam
657 453 908 521 utrimque
938 455 1122 505 multos
1156 456 1378 506 occisos:
1403 457 1554 524 inque

275 537 330 569 ea
363 535 526 586 pugna
558 521 698 571 Jovis
733 520 939 570 Statoris
965 522 1113 572 aedem
1137 538 1304 573 votam
1325 561 1339 584 ‚
1366 537 1423 572 ut
1452 525 1552 572 Ro·-

273 587 437 637 mulus
468 585 578 636 ante
614 602 851 637 voverat:
877 587 958 637 sed
993 590 1013 623 ⁶
1044 588 1210 639 fanum
1246 588 1468 649 tantum,
1499 588 1551 639 id

276 652 372 714 est,
399 652 541 703 locus
575 652 760 720 templo
798 653 971 704 effatus
1005 655 1099 721 jam
1134 657 1345 706 sacratus
1376 655 1555 707 fuerat.

274 718 514 770 Ceterum
549 719 648 770 hoc
687 720 886 771 demum
919 739 1045 771 anno
1075 760 1090 780 ‚
1129 738 1185 772 ut
1221 722 1368 773 aedetn
1407 722 1555 772 etiarn

275 786 382 837 fieri
412 788 602 837 senatus
631 787 855 853 juberet,
881 788 956 837 bis
985 788 1198 854 ejusdem
1234 798 1256 830 7
1288 791 1395 842 voti
1424 789 1559 840 dam-

272 853 384 904 nata
409 853 691 921 republica,
720 857 737 887 8
764 855 813 903 in
837 854 1126 921 religionem
1149 855 1301 907 venit.

54 930 249 973 U.c.459,
341 925 618 972 XXXVIII.
654 921 888 987 Sequitur
919 921 1053 972 hunc
1089 940 1270 974 annum
1303 924 1352 972 &
1387 920 1557 972 consul

55 978 245 1060 ³·{·²15}j·
277 987 472 1056 infignis
491 1025 506 1047 ,
529 992 584 1038 L.
609 988 833 1055 Papirius
858 990 1045 1038 Cursor
1065 1027 1079 1048 ,
1107 990 1204 1057 qua
1229 988 1428 1056 paterna
1450 987 1560 1054 glo·

55 1048 248 1117 pimusp:
278 1055 346 1105 rifi
368 1095 381 1117 ,
420 1055 519 1122 quii
547 1054 627 1104 sua
655 1078 670 1114 3
706 1057 758 1104 δε
795 1054 979 1104 bellum
1015 1055 1184 1122 ingens
1215 1055 1558 1122 victoriaque,

59 1119 236 1202 ruffino
275 1138 508 1190 quantam
545 1121 604 1171 de
643 1121 940 1171 Samnitibus
976 1139 1120 1172 nemo
1158 1122 1216 1172 ad
1253 1139 1358 1173 earn
1393 1121 1558 1182 diem,

56 1166 163 1206 cm·
273 1204 447 1257 praeter
487 1193 541 1238 L.
581 1188 830 1255 Papirium
872 1203 1060 1254 patrem
1105 1189 1354 1250 consulis,
1383 1205 1557 1256 peper-

275 1271 409 1306 erat:
437 1259 489 1305 ὃς
518 1253 646 1305 forte
669 1254 845 1304 eodem
871 1270 1054 1305 conatu
1078 1270 1556 1323 apparatuque,om-

271 1323 323 1373 ni
353 1321 604 1390 opulentia
641 1320 897 1387 insignium
930 1340 1176 1371 armorum
1204 1321 1389 1372 bellum
1420 1321 1559 1372 ador-

271 1402 505 1441 naverant
529 1407 539 1437 z
565 1390 618 1438 ἅτ
645 1386 853 1438 deorum
877 1387 1023 1437 etiam
1050 1388 1373 1439 adhibuerant
1403 1405 1561 1456 opeS,

270 1456 369 1507 ritu
400 1455 615 1523 quodam
649 1454 934 1504 sacramenti
969 1456 1162 1506 vetusto
1188 1455 1325 1507 velut
1355 1455 1558 1506 initiatis

270 1522 511 1573 militibus
534 1549 544 1582 ς
570 1520 764 1571 deleciu
800 1538 886 1589 per
914 1538 1060 1571 omne
1096 1523 1348 1573 Samnium
1383 1520 1563 1572 habito·

271 1588 400 1641 nova
438 1589 577 1655 lege:
601 1604 652 1636 ut
690 1590 774 1654 qui
799 1591 1036 1647 juniorum
1076 1610 1161 1638 non
1195 1590 1460 1655 conveniffet
1496 1591 1557 1638 ad

270 1659 619 1724 imperatorium
645 1657 843 1703 edifimn
862 1691 877 1710 ,
903 1658 1074 1721 quique
1099 1657 1257 1722 injuffu
1279 1658 1458 1723 abzffet,
1481 1676 1556 1705 ca·

264 1737 352 1790 put
381 1725 490 1777 Jovi
513 1724 750 1786 sacratum
786 1722 898 1786 esset.
945 1726 1073 1771 Tum
1111 1721 1359 1772 exercitus
1395 1721 1562 1771 omnis

271 1788 596 1856 Aquiloniam
624 1787 692 1838 est
713 1786 940 1838 indistuS.
967 1787 1027 1837 ad
1059 1788 1376 1857 quadraginta
1406 1788 1559 1839 millia

270 1856 482 1907 militum
505 1894 519 1915 ‚
543 1853 681 1922 quod
707 1854 899 1905 roboris
924 1854 972 1904 in
999 1855 1194 1906 Samnio
1218 1871 1319 1905 erat
1338 1895 1352 1916 ‚
1378 1872 1558 1907 conve-

271 1929 464 1975 nerun'ut.
498 1923 574 1973 Ibi
611 1921 787 1972 mediis
825 1920 929 1972 fere
961 1921 1125 1973 castris
1159 1923 1301 1973 locus
1333 1921 1400 1972 est
1437 1939 1558 1972 con-

269 1991 434 2059 septus
470 1988 686 2040 cratibus
725 1998 740 2022 1
781 1987 1055 2056 pluteisque
1076 2029 1090 2050 ,
1113 1992 1161 2040 &
1192 1988 1354 2039 linteis
1389 2004 1560 2039 conte-

272 2057 380 2113 ἕως
415 2079 431 2119 3
475 2072 645 2125 patens
685 2054 928 2106 ducentos
952 2056 1162 2108 maxime}
1187 2055 1334 2124 pedes
1369 2054 1419 2104 in
1450 2074 1560 2107 om·

326 2185 349 2214 6
382 2179 548 2216 Fanum.
566 2206 577 2216 .
609 2176 649 2214 id
676 2176 722 2227 est
740 2203 752 2222 ,
782 2175 884 2215 locus
938 2175 1130 2215 lurionem
1161 2175 1344 2216 debente»
1375 2175 1466 2216 Vid.
1497 2175 1559 2218 sne

269 2230 405 2286 templo
435 2229 600 2281 effatus]
637 2231 778 2266 Panum
805 2231 880 2281 igi·
937 2229 1008 2282 prii
1035 2237 1083 2270 V.
1114 2242 1177 2276 25.

269 2297 331 2323 tur
354 2287 394 2324 ὃς
414 2284 509 2322 aedes
525 2310 536 2329 ,
565 2281 590 2321 fi
613 2282 768 2335 proprie
790 2296 881 2320 om-
994 2285 1014 2319 8
1065 2287 1114 2321 In
1157 2282 1370 2335 religionem
1413 2283 1520 2322 venit
1539 2288 1556 2333 ]

269 2341 364 2377 nino
383 2338 633 2390 loquerentur
654 2365 666 2385 ,
700 2335 748 2374 fic
769 2333 881 2374 diffe-
939 2336 1098 2390 Religio
1117 2339 1318 2390 exposcere
1337 2337 1418 2377 visa
1436 2336 1504 2375 est.

268 2393 407 2430 rebant
425 2420 436 2438 ‚
463 2403 503 2429 ut
516 2390 653 2443 fanum
676 2386 766 2428 esset
788 2403 879 2428 area

266 2445 371 2484 nuda
405 2447 444 2484 ὃ(
483 2444 610 2483 solum
646 2444 764 2482 alicui
805 2443 878 2482 deo
990 2455 1007 2480 1
1048 2442 1284 2499 Pluteisque]
1315 2443 1438 2483 Plutei
1466 2444 1552 2483 sunt

264 2500 530 2538 consecratum
551 2514 563 2546 3
592 2496 690 2537 aedes
709 2526 721 2547 ,
752 2498 879 2549 ipsum
933 2498 995 2537 vel
1011 2510 1132 2536 crates
1147 2500 1257 2537 corio
1275 2497 1396 2537 crudo
1415 2500 1548 2535 inten-

266 2551 489 2590 aedificium.
933 2564 980 2590 tae
997 2578 1008 2598 ,
1027 2552 1088 2589 vel
1114 2551 1258 2592 tabulae
1284 2552 1424 2607 quibus
1448 2549 1544 2605 quid

321 2617 346 2653 7
360 2608 400 2646 V
398 2606 450 2647 eti
465 2602 650 2645 damnata*
662 2611 687 2656 ],ι
700 2604 796 2647 Voti
813 2605 874 2645 so·
929 2605 1173 2657 praesepitur·
