1669 3052
441 165 997 232 LIBERIX’.
1232 166 1362 248 287

82 253 324 317 tradunt)
358 250 661 320 speculatum
683 253 728 302 se
751 252 937 302 iturum
957 246 1196 317 profeffus
1213 288 1228 310 ,
1248 251 1357 300 bre·
1386 252 1587 297 u.c.444;

84 322 236 389 vique
267 320 430 370 omnia
461 335 597 370 certa
628 319 906 370 allaturum.
945 320 1083 368 Caere
1120 315 1359 368 educatus
1385 302 1581 345 ²9⁴⁰&

83 387 214 457 apud
243 386 460 455 hospites
483 425 498 448 ,
526 386 739 436 Etruscis
770 384 885 435 inde
920 383 1099 434 litteris
1135 383 1362 434 eruditus

85 468 215 516 erat,
232 452 550 521 linguamque
570 456 820 503 Etruscam
841 451 994 518 probe
1019 465 1238 502 noverat.
1262 450 1364 501 Ha-

84 520 181 571 beo
214 521 437 571 auetores
468 520 624 587 vulgo
658 533 766 569 tum
801 521 1044 568 Romanos
1079 516 1379 586 pueros,fi-‘

18 621 21 623 —
83 602 174 639 cut
198 605 334 639 nunc
362 587 546 636 Graecis
575 625 590 647 ,
623 586 690 635 ita
718 584 932 634 Etruscis
964 584 1142 634 litteris
1176 583 1366 635 erudiri

29 674 31 677 ¹
82 654 270 709 solitos.
307 653 405 703 Sed
430 653 632 721 propius
665 651 732 702 est
764 668 883 703 vero
904 688 919 712 ,
951 652 1252 719 praecipuum
1281 650 1368 701 ali-

90 720 214 789 quid
247 717 388 771 fuiffe
417 719 467 770 in
500 737 561 770 eo
594 757 610 781 ‚
646 720 733 786 qui
770 719 816 768 se
845 732 945 768 tam
976 717 1149 768 audaci
1180 716 1371 768 fimula-

88 788 227 839 tione
264 785 485 838 hostibus
523 785 853 837 immiscuerit.
894 785 1058 837 servus
1101 783 1146 834 ei
1184 783 1371 835 dicitur

93 869 261 906 comes
294 870 422 905 unus
451 851 590 904 fuisse
623 852 839 904 nutritus
870 850 965 902 una
986 890 1001 912 ‚
1035 867 1197 918 eoque
1237 850 1371 901 haud

87 922 289 989 ignarus
321 920 497 987 linguae
534 918 765 985 ejusdem.
800 934 891 969 nec
930 918 1200 985 quicquam
1235 918 1373 969 aliud

91 987 458 1056 proficiscentes
472 1024 490 1048 ,
515 986 664 1055 quam
687 984 961 1036 summatim
989 984 1205 1052 regionis
1221 1022 1234 1045 ,
1264 1002 1377 1054 quae

91 1053 317 1106 intranda
347 1067 449 1104 erat
465 1091 480 1114 ‚
504 1068 727 1104 naturam
744 1090 759 1113 ,
785 1068 841 1102 ac
873 1052 1070 1103 nomina
1092 1052 1377 1120 principum

92 1124 148 1174 in
183 1120 379 1190 populis
413 1137 646 1188 accepere
684 1148 696 1181 3
732 1135 793 1170 ne
828 1117 926 1185 qud
958 1117 1087 1168 inter
1122 1116 1379 1186 colloquia

96 1187 270 1255 infigni
291 1186 410 1239 nota
428 1186 695 1239 haefitantes
716 1184 1018 1254 deprehendi
1039 1183 1245 1253 possent.
1266 1189 1382 1236 lere

93 1254 319 1324 pastorali
348 1254 521 1305 habitu
538 1293 554 1317 ,
584 1252 850 1322 agrestibus
879 1250 992 1303 telis
1009 1292 1025 1315 ‚
1050 1251 1263 1302 falcibus
1289 1267 1383 1319 gae-

96 1321 251 1390 sisque
287 1320 416 1372 binis
456 1323 642 1373 armati.
688 1319 786 1372 Sed
823 1335 986 1387 neque
1027 1320 1385 1372 commercium

83 1388 275 1456 ‚linguar
293 1427 310 1450 ,
334 1405 426 1438 nec
447 1387 600 1455 ,vestis
630 1404 939 1439 armorumve
967 1385 1168 1437 habitus
1200 1385 1265 1436 fic
1296 1402 1384 1437 eos

2 1468 10 1480 ‘
73 1506 78 1514 ,
103 1456 263 1517 texit,
288 1454 438 1524 quam
467 1455 608 1525 quod
635 1465 650 1498 3
684 1453 980 1505 abhorrebat
1010 1453 1036 1503 a
1063 1453 1189 1516 fide,
1213 1471 1388 1521 quem-

104 1540 253 1590 quam
293 1536 551 1573 externum
592 1521 839 1573 Ciminios
881 1519 1026 1571 saltus
1066 1520 1384 1572 intraturum.

103 1591 271 1657 Usque
300 1587 360 1639 ad
387 1590 645 1640 Camertes
675 1587 887 1640 Umbros
915 1585 1182 1657 penetrasse
1211 1587 1386 1639 dicun-

103 1654 218 1708 t‘ur:
242 1655 345 1717 ibi,
371 1657 459 1724 qui
494 1655 674 1719 essent,
701 1655 846 1707 fateri
880 1657 1156 1706 Romanum
1186 1656 1387 1707 ausum:

102 1722 546 1791 introduetumque
582 1724 634 1775 in
671 1724 890 1774 senatum
920 1760 935 1784 ,
973 1721 1187 1773 consulis
1224 1722 1390 1774 verbis

106 1788 252 1856 egisse
275 1789 335 1839 de
358 1790 591 1842 societate
615 1790 930 1858 amicitiaque
955 1806 967 1839 :
992 1803 1141 1858 atque
1163 1789 1278 1840 inde
1301 1807 1389 1840 co-

106 1859 177 1908 mi
209 1857 423 1925 hospitio
457 1873 716 1926 acceptum
736 1896 751 1919 ,
774 1855 1007 1908 nunciare
1034 1857 1264 1907 Romanis
1293 1856 1392 1920 jus-

105 1925 213 1975 sum
248 1963 263 1982 ‚
303 1940 637 1976 commeatum
673 1923 915 1975 exercitui
956 1923 1148 1974 dierum
1187 1924 1391 1991 triginta

106 1990 277 2057 praesto
317 1990 457 2052 fore,
477 1990 511 2040 fi
548 2009 604 2043 ea
638 1991 748 2042 loca
781 1985 1025 2051 intrasset,
1054 1989 1392 2056 juventutem-

108 2075 208 2126 que
239 2057 549 2109 Camertium
582 2058 884 2109 Umbrorum
915 2055 967 2108 in
1000 2057 1145 2107 armis
1173 2072 1390 2126 paratam

107 2124 317 2192 imperio
346 2123 580 2177 futuram.
611 2129 729 2176 Haec
753 2142 908 2194 quum
935 2123 1085 2174 relata
1107 2125 1296 2176 consuli
1322 2126 1394 2175 es-

111 2192 217 2242 sent
236 2231 249 2252 ,
272 2190 635 2259 impedimentis
656 2192 812 2260 prima
832 2190 1000 2258 vigilia
1023 2191 1263 2258 praemiffis
1278 2232 1293 2254 ‚
1316 2191 1393 2241 le-

111 2257 346 2324 gionibus
380 2257 486 2327 post
519 2258 864 2328 impedimenta
890 2260 959 2309 ire
980 2258 1139 2325 jussis,
1160 2260 1260 2326 ipse
1282 2258 1395 2310 sub-

112 2324 236 2376 stitit
267 2342 384 2376 cum
412 2326 668 2393 equitatu:
689 2329 740 2377 δε
769 2326 880 2377 luce
906 2325 1015 2376 orta
1038 2365 1054 2389 ,
1085 2326 1280 2396 postero
1313 2325 1397 2376 die

113 2390 428 2460 obequitavit
470 2391 756 2444 stationibus
800 2392 1015 2444 hostium
1041 2433 1056 2457 ‚
1100 2411 1208 2461 quae
1257 2407 1396 2444 extra

117 2457 291 2509 saltum
317 2457 550 2525 dispofitae
578 2475 742 2511 erant:
764 2463 813 2512 δε
831 2499 845 2521 ,
866 2478 1023 2527 quum
1053 2461 1162 2511 satis
1192 2459 1279 2510 diu
1312 2474 1392 2510 te-

116 2523 293 2579 nuiffet
313 2524 500 2577 hostem
516 2565 531 2589 ,
554 2525 605 2578 in
627 2528 774 2578 castra
794 2528 889 2579 sese
910 2529 1128 2597 recepit,
1149 2526 1395 2597 portaque

121 2718 126 2725 x
165 2687 186 2729 3
207 2675 453 2721 ,abhorrebat
469 2675 493 2716 ἃ
505 2675 617 2730 fide]
644 2675 759 2718 Credi
782 2688 861 2719 non
879 2685 1048 2731 poterat.
