1680 3110
310 131 440 207 '272
715 134 1250 204 T.L1v11

97 221 290 266 v.c.440.
312 210 440 262 sules
480 211 730 282 Sulpicius
769 217 819 268 in
855 217 1067 282 dextre,
1100 225 1346 281 Poetelius
1383 229 1432 281 in
1464 230 1586 286 laevo

99 270 288 314 ιε’-ΞΗ·
313 295 469 329 cornu
504 278 781 332 confistunt.
815 286 1146 356 Dextra·pars
1173 330 1188 353 ,
1228 295 1326 362 qua
1363 299 1416 347 δε
1452 301 1584 351 Sam-

310 345 438 396 nites
465 345 581 395 raris
604 346 860 401 ordinibus
877 390 891 412 ,
911 369 994 404 aut
1015 355 1074 406 ad
1096 357 1473 415 circumeundos
1492 366 1585 418 ho-

309 409 403 462 stes
427 448 441 470 ‚
470 425 554 461 aut
579 429 641 462 ne
670 414 755 481 ipfi
789 418 1200 487 circumirentur,
1231 430 1546 484 constiterant
1568 471 1584 496 ,

309 474 457 526 latius
506 477 743 545 patefacta
787 483 932 538 stetit.
977 488 1225 554 Sinistris‚
1261 511 1583 566 praeterquam

310 541 452 609 quod
476 545 802 601 confertiores
825 551 1078 618 steterant,
1105 564 1362 629 repentino
1386 565 1587 618 confilio

308 609 520 661 Poetelii
549 615 762 667 consulis
794 618 967 671 additae
995 624 1153 675 vires:
1175 628 1260 695 qui
1289 630 1587 684 subfidiarias

311 676 548 729 cohortes
570 718 586 742 ‚
618 699 725 749 quae
746 684 947 753 integrae
971 688 1030 739 ad
1052 690 1287 760 longioris
1309 713 1480 765 pugnae
1502 717 1588 753 ca-

309 744 389 794 sus
421 747 820 813 reservabantur,
844 753 891 802 in
920 754 1122 822 primam
1153 760 1306 812 aciem
1338 766 1587 835 extemplo

312 809 469 861 emifit
494 834 503 861 ε
530 814 856 886 univerfisque
890 820 1077 874 hostem
1105 826 1264 892 primo
1294 828 1482 899 impetu
1510 833 1586 885 vi—

310 876 450 928 ribus
474 878 688 947 impulit.
726 887 991 939 Commota
1028 893 1234 959 pedestri
1265 896 1367 947 acie
1394 901 1588 950 Samni-

309 944 437 995 tium
454 982 469 1006 ,
492 962 644 1014 eques
663 949 712 1000 in
731 967 942 1020 pugnam
959 956 1193 1013 succedit.
1213 960 1261 1010 in
1281 961 1416 1014 hunc
1436 968 1585 1017 trans-

307 1013 450 1063 verso
491 1016 683 1080 agmine
722 1019 853 1071 inter
884 1021 1003 1073 duas
1038 1025 1166 1076 acies
1203 1029 1248 1078 se
1290 1029 1586 1086 inferentem

305 1078 560 1131 Romanus
595 1083 845 1150 equitatus
876 1091 1092 1141 concitat
1121 1110 1278 1161 equos
1303 1135 1317 1156 ,
1353 1097 1385 1147 fi
1424 1116 1479 1149 na
1522 1117 1586 1153 ue

307 1147 360 1196 δε
390 1146 586 1198 ordines
615 1151 837 1217 peditum
867 1169 1015 1224 atque
1040 1160 1265 1229 equitum
1289 1180 1384 1214 con
1413 1183 1477 1217 un
1516 1168 1588 1231 it,

307 1211 470 1264 donec
493 1216 768 1268 universam
792 1221 848 1270 ab
876 1239 930 1272 ea
955 1240 1091 1291 parte
1115 1228 1293 1279 avertit
1322 1231 1491 1284 aciem.
1526 1238 1588 1285 In

308 1295 371 1331 eo
403 1297 560 1332 cornu
599 1299 696 1334 non
734 1287 979 1339 Poetelius
1013 1292 1142 1343 solus
1170 1333 1186 1356 ,
1224 1295 1304 1345 sed
1339 1299 1588 1368 Sulpicius

309 1347 456 1397 etiam
484 1347 713 1401 hortator
740 1351 944 1406 affuerat
967 1375 980 1417 3
1008 1360 1205 1411 avectus
1235 1362 1294 1413 ab
1325 1365 1420 1416 suis
1457 1383 1588 1419 non-

305 1413 429 1464 dum
463 1417 835 1472 conserentibus
867 1441 1038 1475 manus
1069 1465 1086 1488 ,
1133 1427 1193 1478 ad
1227 1429 1488 1485 clamorem
1522 1435 1584 1486 ab

305 1478 486 1532 finistra
561 1499 662 1535 arte
700 1486 836 1555 prius
873 1506 1117 1545 exortum.
1151 1496 1281 1546 unde
1318 1496 1450 1550 haud
1487 1500 1586 1554 du·-

303 1546 438 1598 biam
459 1501 715 1603 vicPtoriam
737 1570 941 1609 cernens
959 1596 973 1619 ‚
1008 1578 1161 1627 quum
1185 1563 1244 1615 ad
1267 1565 1405 1616 suum
1427 1584 1585 1622 cornu

301 1614 534 1667 tenderet
561 1634 675 1671 cum
710 1621 844 1673 mille
872 1624 1099 1678 ducentis
1130 1629 1246 1682 viris
1265 1669 1279 1690 ,
1313 1631 1586 1688 dissimilem

306 1679 378 1731 ibi
413 1680 663 1737 fortunam
695 1687 888 1741 invenit
919 1712 931 1744 ε
962 1696 1205 1746 Romanos
1234 1698 1347 1749 loco
1381 1701 1547 1769 pulsos
1567 1742 1586 1767 ‚

303 1747 545 1802 victorem
570 1751 758 1805 hostem
782 1757 910 1824 signa
934 1759 981 1812 in
1004 1762 1252 1830 perculsos
1276 1765 1586 1824 inferentem.

302 1815 548 1868 Ceterum
584 1822 749 1873 omnia
781 1828 990 1878 mutavit
1024 1830 1224 1896 repente
1253 1833 1465 1885 consulis
1495 1836 1586 1886 ad-

304 1896 502 1936 ventus,
528 1903 637 1938 nam
666 1891 719 1939 δε
742 1892 1006 1961 conspectu
1039 1895 1179 1947 ducis
1212 1897 1423 1952 refec‘tus
1457 1903 1587 1954 mili-

304 1961 415 2001 turn
452 1952 519 2002 est
557 1955 850 2008 animus:&
885 1961 1037 2011 ma'us
1073 1963 1224 2031 quam
1254 1985 1343 2035 pro
1378 1984 1586 2022 numero

305 2016 549 2070 auxilium
575 2031 591 2062 3
619 2022 882 2075 advenerat
903 2066 916 2087 ,
965 2043 1097 2080 ortes
1120 2031 1211 2081 viri
1232 2051 1244 2082 :
1269 2038 1318 2083 δε
1340 2036 1488 2101 partis
1511 2037 1585 2088 al-

307 2084 460 2135 terius
500 2087 704 2140 victoria
742 2091 938 2154 audita,
969 2113 1082 2145 mox
1123 2097 1220 2148 visa
1254 2100 1400 2150 etiam
1421 2140 1435 2161 ‚
1467 2121 1587 2172 prae-

307 2149 430 2201 lium
465 2152 689 2205 restituit.
733 2158 857 2208 Tota
898 2159 1073 2212 deinde
1112 2163 1204 2222 jam
1235 2167 1438 2219 vincere
1477 2172 1584 2222 acie

308 2220 556 2270 Romanus
577 2259 591 2281 ‚
625 2225 677 2271 δε
703 2223 871 2275 omiffo
900 2230 1167 2281 certamine
1185 2271 1199 2292 ‚
1228 2233 1345 2285 caedi
1371 2237 1582 2305 capique

306 2285 549 2336 Samnites
567 2326 581 2345 ,
617 2287 699 2337 nifi
725 2292 809 2359 qui
839 2294 1172 2348 Maleventum
1195 2338 1210 2360 ,
1235 2300 1317 2350 cui
1341 2317 1473 2352 nunc
1499 2322 1583 2354 ur-

300 2351 354 2401 bi
393 2357 729 2406 Beneventum
767 2376 945 2411 nomen
982 2363 1049 2412 est
1072 2403 1086 2424 ‚
1120 2366 1456 2433 perfugerant.
1503 2369 1580 2422 Ad

303 2418 503 2485 triginta
530 2421 678 2473 millia
706 2427 818 2475 caesa
847 2443 929 2478 aut
953 2444 1094 2498 capta
1118 2434 1409 2486 Samnitium
1427 2475 1443 2504 ,
1465 2455 1582 2505 prof

302 2483 464 2539 ditum
496 2490 743 2541 memoriae
769 2493 851 2543 est.

360 2576 656 2630 3Aclvenerat]
680 2583 808 2634 Magis
824 2583 910 2635 pla·
972 2590 1042 2626 ΙΙΙ.
1071 2601 1106 2635 5.
1139 2588 1266 2630 Serum
1294 2591 1481 2635 auxilium
1505 2591 1583 2651 past

299 2641 405 2669 teret
431 2630 681 2677 advenerant.
711 2637 772 2678 Sic
798 2637 914 2692 supra
960 2641 1137 2697 pralium
1164 2657 1361 2690 venerant.
