1680 3110
126 203 178 246 ‘U

133 265 172 296 a.

183 219 230 246 .c·

187 259 255 304 C·3

349 118 484 197 ‘164
748 120 1258 192 T.L1v11

238 221 325 256 4¹5-
352 213 451 252 tur.
485 209 509 242 ⁴
545 199 691 251 Ordo
723 204 985 272 sexagenos
1012 209 1223 271 milites,
1250 210 1374 264 duos
1399 215 1632 262 centuri&

267 271 326 305 ³7·
350 286 429 316 nes
450 305 465 326 ‚
502 267 808 321 vexillarium
844 290 996 325 unum
1036 275 1264 330 habebat.
1299 279 1461 330 Prima
1496 278 1632 330 acies

351 341 376 375 5
409 332 592 382 Hastati
622 349 758 386 erant
777 375 791 397 ‚
817 340 840 371 ⁶
874 341 1107 409 manipuli
1132 348 1424 411 quindecim,
1455 345 1628 396 distan-

350 413 426 447 tes
457 399 586 449 inter
622 402 667 451 se
699 404 952 458 modicum
987 409 1226 477 spatium:
1252 412 1531 480 manipulus
1562 411 1628 462 le-

350 481 438 514 ves
465 465 668 518 vicenos
698 472 876 523 milites
896 512 910 533 ,
940 473 1081 526 aliam
1109 478 1302 528 turbam
1326 480 1627 530 scutatorum

350 530 579 583 habebat.
618 534 752 587 leves
793 555 958 591 autem
986 581 1001 603 ‚
1038 545 1124 610 qui
1160 554 1182 585 7
1223 544 1403 595 hastam
1438 544 1628 598 tantum

350 599 372 630 ⁹
409 601 627 667 gaesaque
661 618 928 674 gererent,
963 611 1283 663 vocabantur.
1324 616 1438 662 Haec
1474 613 1629 683 prima

328 759 330 761 ·
397 734 693 786 TEXTUS
723 745 767 786 A
801 747 1048 792 LIPSIO
1086 746 1578 796 EMENDATUS.

353 873 373 926 [
398 874 423 908 4
449 867 596 918 Ordo
625 869 888 938 sexagenos
913 875 1093 926 milites
1126 877 1184 930 &⁴
1215 875 1340 928 duos
1359 917 1372 938 ,
1403 880 1630 929 centurio-

349 952 450 983 nem
475 936 533 988 ἔγ
554 936 862 989 vexillarium
885 958 1037 992 unum
1057 943 1284 994 habebat.
1316 945 1477 995 Prima
1499 945 1627 996 acies

353 1009 375 1042 5
423 1001 606 1052 Hastati
647 1018 781 1055 erant
811 1042 826 1066 ‚
869 1008 891 1041 ⁶
934 1010 1168 1078 manipuli
1208 1014 1357 1060 decem
1399 1011 1627 1064 distantes

350 1067 481 1117 inter
514 1070 559 1119 se
601 1071 855 1123 modicum
891 1075 1096 1144 spatium
1133 1095 1144 1126 :
1184 1077 1459 1144 manipulus
1492 1079 1628 1131 leves

350 1133 555 1185 vicenos
582 1137 758 1189 milites
781 1179 796 1200 ,
827 1139 968 1192 aliam
993 1144 1185 1195 turbam
1215 1145 1518 1197 scutatorum
1542 1145 1626 1197 ha.-

351 1198 514 1251 bebat.
563 1202 698 1255 leves
748 1221 911 1260 autem
938 1248 955 1272 ‚
993 1210 1079 1278 qui
1133 1219 1156 1252 7
1208 1209 1388 1262 hastam
1432 1212 1627 1265 rantum

351 1268 373 1299 ⁸
407 1270 628 1338 gaesavque
661 1286 889 1339 gererent
919 1315 936 1339 ,
973 1275 1290 1329 vocabantur.
1325 1284 1439 1330 Haec
1471 1280 1628 1350 prima

404 1402 431 1438 4
464 1389 562 1429 Ordo
585 1390 792 1445 sexagenos
820 1393 964 1435 milites

1015 1398 1168 1439 latoriae
1193 1427 1206 1448 ,
1241 1412 1326 1452 quae
1356 1398 1488 1452 postea
1524 1401 1627 1454 apud

351 1446 406 1485 (92
427 1443 551 1494 duos]
579 1447 696 1484 Nihil
723 1452 862 1488 certius
887 1451 961 1489 hac
1278 1453 1286 1463 “

1015 1452 1141 1496 levem
1182 1465 1337 1492 tantum
1379 1467 1626 1494 armaturam

349 1495 464 1548 Lipfii
494 1500 780 1540 emendatione.
819 1504 958 1553 Polyb.

347 1549 378 1587 l.
416 1555 484 1588 VI.
530 1553 659 1605 aperte
700 1557 740 1593 in
783 1557 961 1608 quolibet

348 1605 556 1656 manipulo
610 1607 703 1646 duas
763 1609 961 1663 distinguit

347 1669 490 1708 partes,
506 1658 682 1699 dextram
700 1663 739 1699 δε
756 1662 958 1707 finistram:

347 1713 487 1763 cuique
507 1716 612 1765 parti
630 1715 743 1753 suum
763 1721 959 1757 centurio-

347 1776 439 1802 nem
462 1793 474 1813 ,
504 1768 692 1821 suumque
734 1767 959 1822 signiferum

347 1817 522 1870 affignat.
555 1825 642 1860 Hoc
671 1836 790 1862 unum
821 1825 961 1865 discre-

345 1884 441 1923 pat,
460 1872 567 1925 quod
601 1875 702 1927 apud
737 1891 826 1916 eum
858 1879 959 1919 ordo

346 1924 399 1963 est
418 1927 648 1979 sexagenum
671 1931 844 1971 militum
863 1962 873 1981 ,
895 1933 960 1974 h‘ic

345 1979 578 2032 sexagenum
602 1985 641 2021 &
670 1983 854 2024 duorum.
890 1988 960 2026 Sed

346 2034 452 2072 hunc
475 2048 683 2077 numerum
703 2036 864 2078 firmum
886 2039 959 2080 effe

349 2088 390 2124 δι’
419 2101 554 2127 verum
573 2103 617 2128 ex
634 2104 681 2129 eo
700 2105 806 2143 patet
820 2123 832 2141 ‚
851 2093 958 2147 quod

346 2139 450 2179 infra}
475 2144 514 2180 in
537 2144 660 2182 tribus
685 2147 836 2185 vexillis
851 2177 863 2195 ‚
884 2147 958 2188 five

347 2193 553 2234 ordinibus
570 2225 580 2244 ‚
601 2210 753 2237 centum
782 2203 821 2239 &
851 2203 960 2240 osto·

349 2250 460 2299 ginta
473 2249 533 2288 sex
552 2251 732 2291 homines
747 2265 956 2294 numeran-

349 2312 428 2339 tur.

405 2359 434 2401 ς’
456 2355 640 2408 Hastati]
676 2362 746 2399 Eos
770 2366 899 2402 Varro
925 2363 953 2401 l.

344 2411 415 2448 IV.
447 2409 493 2447 de
521 2413 668 2462 Lingua
692 2418 774 2453 Lat.
797 2416 882 2455 vult
903 2418 953 2455 ab

344 2474 394 2500 eo
417 2461 540 2502 ἀίδιος
553 2493 566 2512 ,
592 2465 698 2517 quod
717 2470 860 2520 primi,
880 2468 954 2509 five

341 2514 473 2604 {otius
503 2518 624 2571 primc)
659 2518 776 2571 hasiix
814 2533 953 2576 pugna-

1014 1503 1296 1546 remanserunt.
1339 1507 1491 1548 Hastati
1521 1511 1627 1548 enim

1018 1561 1094 1599 hoc
1120 1564 1202 1613 jam
1227 1574 1403 1613 tempore
1429 1590 1442 1611 ‚
1473 1560 1519 1600 de
1547 1575 1628 1615 quo

1016 1616 1143 1653 Livius
1166 1627 1269 1654 nunc
1296 1617 1378 1666 agit
1395 1643 1408 1662 ,
1439 1615 1530 1654 licet
1553 1629 1626 1655 an-

1016 1670 1169 1720 tiquum
1203 1669 1422 1708 obtinerent
1450 1681 1625 1717 nomen,

1014 1722 1194 1761 videntur
1239 1734 1373 1761 tamen
1417 1735 1499 1761 non
1542 1726 1625 1776 jam

1014 1775 1132 1814 hastis
1159 1804 1170 1823 ,
1202 1775 1265 1814 sed
1299 1775 1439 1828 gladiis
1468 1779 1509 1815 &
1538 1778 1626 1829 pilis

1013 1827 1198 1881 pugnasse
1212 1845 1221 1869 ε
1235 1843 1281 1868 ac
1301 1830 1402 1869 leves
1423 1829 1484 1869 illi
1501 1833 1626 1870 viceni

999 1884 1186 1933 .milites,
1214 1885 1282 1937 qui
1308 1885 1514 1937 unicuique
1541 1898 1626 1924 ma-

1014 1937 1150 1989 nipulo
1181 1936 1437 1976 Hastatorum
1467 1937 1624 1978 admisti

1013 2003 1122 2030 erant
1140 2020 1152 2040 ,
1183 1991 1335 2030 hastam
1362 1990 1516 2030 tantum
1543 2006 1623 2045 gae·

1012 2045 1127 2096 saque
1168 2058 1339 2097 gerentes
1365 2074 1376 2092 ,
1413 2043 1525 2084 fuisse
1561 2049 1622 2086 vi-

1014 2097 1150 2136 dentur
1166 2099 1337 2151 reliquiae
1353 2111 1528 2138 veterum
1543 2104 1626 2139 Ha-

1011 2150 1215 2190 statorum.
1242 2152 1380 2203 Polyb.
1409 2153 1435 2190 1.
1468 2157 1537 2192 VI.
1561 2154 1622 2193 di·
1676 2198 1680 2199 ⁷

1012 2203 1110 2244 ferte
1138 2207 1316 2245 attribuit
1354 2206 1523 2245 Hastatis
1550 2212 1623 2249 aevi

1011 2259 1067 2296 sui
1094 2272 1254 2311 gravem
1281 2273 1540 2299 armaturam.

1063 2321 1086 2348 6
1115 2311 1311 2369 Manipnli
1341 2313 1493 2364 decem]
1526 2317 1621 2354 Non

1010 2365 1219 2422 quindecim
1238 2383 1249 2404 :
1266 2379 1307 2405 ut
1324 2365 1393 2405 fint
1410 2370 1447 2405 in
1466 2379 1549 2407 tota
1565 2369 1622 2408 le-

1009 2423 1126 2471 gione
1149 2423 1310 2472 triginta
1334 2421 1541 2473 manipuli.

1059 2486 1082 2518 7
1113 2474 1296 2524 Hastam]
1317 2475 1617 2514 Jaculatoriam.

1061 2528 1082 2564 8
1108 2522 1244 2579 Gaefa]
1267 2527 1408 2579 Gaefitm
1426 2557 1438 2576 ,
1457 2526 1530 2566 five
1547 2531 1622 2566 Ge-

369 2578 448 2609 ant.
481 2570 609 2611 Hastae
634 2585 763 2613 autem
787 2575 865 2615 illae
890 2580 952 2617 in·
999 2578 1084 2631 sum
1101 2580 1221 2618 telum
1241 2582 1439 2622 Gallicum
1455 2593 1537 2622 etat
1553 2593 1615 2621 to-

343 2620 561 2676 telligendae
588 2626 673 2666 sunt
698 2627 816 2668 hastae
842 2633 952 2682 jacu-
1009 2645 1093 2672 tum
1112 2633 1130 2674 ὲ
1150 2632 1270 2674 ferro.
