1680 3110
721 127 792 187 T.
888 132 943 191 L
991 154 1014 191 1
1065 155 1106 196 v
1158 160 1182 199 1
1231 159 1255 200 1
1647 185 1652 211 1

86 203 91 204 ⁷
127 217 306 264 mmm,
331 139 594 256 §eiigntem
619 206 780 272 sejam
807 211 1104 266 Samnitem:
1129 223 1183 270 δε
1216 230 1240 264 4
1270 236 1490 294 tempore
1515 223 1653 295 immi}

122 266 519 331 2·C·297-p1·0vis.1
553 288 612 320 ex
645 275 897 326 montibus
925 277 1053 346 figna
1078 321 1095 343 ‚
1132 285 1414 360 clamorque
1449 296 1661 355 subla-22*

327 332 406 386 tus
431 373 446 395 ,
482 345 505 378 5
539 353 639 387 non
668 356 790 390 vero
824 343 1013 395 tantum
1048 365 1183 402 metu
1218 368 1434 411 terruere
1470 366 1605 414 Sarn-
1631 369 1655 426 ἶ]

323 401 503 452 nitium
536 402 740 457 animos,
775 425 885 460 nam
916 413 967 461 &
996 413 1167 467 Fabius
1198 422 1410 475 Decium
1442 430 1602 481 colle·
1632 431 1660 481 '5²⁷-

319 481 431 534 gam
451 472 843 544 appropinquare
867 478 1187 546 exclamavit,
1213 489 1265 537 &
1318 493 1440 543 rose
1499 498 1603 548 uis-

320 551 420 601 que
460 535 599 587 miles
632 575 646 598 ,
688 540 841 593 adeffe
879 543 1086 601 alterum
1126 508 1411 618 consuiem‚
1446 577 1469 610 a
1508 563 1602 616 effe

319 599 545 668 legiones
568 642 582 663 ‚
613 609 795 672 gaudio
831 609 1013 664 alacres
1053 615 1273 671 fremunt
1310 641 1322 672 ε
1363 641 1601 699 errorque

317 667 454 718 utilis
501 672 731 724 Romanis
769 674 964 729 oblatus
993 720 1008 742 ,
1047 681 1174 750 fugae
1221 687 1599 764 formidinisque

316 735 559 787 Samnites
581 739 834 807 implevit,
855 746 1062 798 maxime
1088 752 1288 805 territos
1309 795 1325 817 ,
1358 776 1419 809 ne
1446 761 1504 812 ab
1529 763 1601 814 al·
1637 779 1658 830 fg

314 814 426 852 tero
450 805 673 856 exercitu
696 807 891 876 integro
915 813 1199 885 intaEtoque
1222 821 1323 872 feffi
1346 829 1597 895 opprime·
1625 841 1631 848 ‘
1655 884 1659 893 ,

312 883 514 921 rentur:
536 874 589 923 &-
621 873 735 941 quia
764 877 925 942 paffim
949 881 1000 931 in
1024 881 1190 953 fugam
1215 887 1422 957 diffipati
1447 896 1558 947 sunt
1574 937 1592 960 ‚
1645 900 1658 941 Σ-

149 933 298 992 vinem
313 936 473 987 minor
507 938 662 990 caedes
682 980 698 1003 ‚
722 945 873 1011 quam
904 965 994 1015 pro
1029 964 1161 1002 tanta
1194 954 1399 1010 victoria
1422 997 1437 1020 ,
1471 961 1589 1018 fuit.
1651 976 1659 992 ¹

102 980 263 1026 Romam.
314 1004 405 1054 tria
438 1004 588 1055 millia
618 1008 668 1056 δε
698 1009 1044 1080 quadringenti
1077 1019 1176 1068 caefi
1201 1038 1213 1071 ε
1235 1024 1363 1091 capti
1397 1026 1457 1078 ad
1488 1043 1601 1081 tre-t

310 1086 485 1121 centos
512 1073 667 1123 ferme
703 1080 756 1127 δε
790 1078 991 1146 triginta
1015 1100 1026 1132 ε
1046 1083 1176 1153 figna
1200 1090 1427 1145 militaria
1450 1112 1591 1166 capta

306 1137 399 1188 tria
432 1141 485 1189 ἅτ
511 1140 701 1207 viginti.

374 1209 481 1256 XV.
515 1208 815 1260 Samnitibus
839 1213 988 1288 Apuli
1018 1216 1062 1266 se
1096 1234 1206 1270 ante
1230 1224 1448 1290 praelium
1470 1246 1591 1285 con-

304 1269 595 1335 junxissent,
616 1275 662 1324 ni
687 1280 742 1328 P.
766 1280 954 1331 Decius
979 1285 1148 1335 consul
1172 1288 1230 1337 iis
1254 1290 1314 1340 ad
1338 1294 1589 1349 Maleven-

305 1351 413 1388 tum
446 1339 593 1390 castra
621 1341 903 1407 objeciffet3
928 1350 1170 1403 extrastos
1198 1354 1373 1410 deinde
1398 1362 1457 1413 ad
1479 1381 1586 1418 cet·

304 1418 468 1456 tamen
508 1406 721 1461 fudiffet.
769 1411 846 1463 ibi
887 1431 1090 1485 quoque
1132 1419 1241 1487 plus
1276 1423 1403 1493 fugae
1437 1428 1536 1482 fuit
1564 1471 1582 1495 ‚

304 1473 457 1540 quam
484 1475 645 1527 caedis.
675 1476 777 1528 duo
802 1478 955 1532 millia
981 1485 1259 1552 Apulorum
1289 1495 1433 1545 caesa:
1457 1499 1586 1566 spre-

305 1553 462 1607 toque
496 1558 557 1592 eo
593 1541 730 1594 hoste
765 1547 952 1598 Decius
986 1549 1034 1600 in
1072 1557 1326 1607 Samnium
1360 1559 1582 1628 legiones

301 1604 461 1658 duxit.
514 1608 592 1659 Ibi
633 1608 736 1662 duo
776 1614 1056 1668 consulares
1098 1624 1346 1676 exercitus
1382 1628 1583 1683 diverfis

298 1673 464 1740 vagati
497 1675 718 1744 partibus
745 1717 762 1740 ‚
797 1683 960 1733 omnia
999 1685 1154 1760 spatio
1189 1691 1410 1762 quinque
1443 1715 1585 1750 men-

295 1738 419 1791 sium
443 1741 733 1797 evastarunt.
771 1747 1111 1818 Quadraginta
1140 1756 1194 1805 δε
1220 1758 1340 1834 quin
1379 1780 1442 1813 ue
1467 1764 1581 1819 loca.

297 1806 352 1856 in
380 1809 576 1860 Samnio
605 1809 744 1863 fuere
762 1850 779 1875 ,
813 1815 863 1864 in
896 1817 1080 1884 quibus
1108 1823 1253 1874 Decii
1289 1832 1362 1878 cai
1389 1847 1437 1880 ra
1465 1829 1578 1891 fue-

295 1888 415 1924 runt
450 1894 462 1925 z
496 1876 697 1930 alterius
728 1881 941 1933 consulis
979 1885 1057 1935 sex
1092 1890 1143 1938 Sc
1178 1891 1449 1959 octoginta.
1479 1916 1574 1952 nec

295 1940 413 1991 valli
444 1942 635 1994 tantum
668 1963 724 1997 ae
758 1945 989 2000 fossarum
1019 1953 1217 2022 vestigia
1254 1960 1420 2013 reneka
1442 2002 1457 2025 ,
1491 1967 1573 2020 sed

294 2006 456 2059 multo
482 2009 576 2061 illis
607 2011 863 2080 insigniora
893 2018 1190 2073 monimenta
1217 2026 1448 2080 vastitatis
1473 2033 1571 2084 cir-

292 2072 353 2124 ca
370 2112 384 2134 ,
408 2077 768 2148 regionumque
785 2080 1207 2151 depopulatarum.
1231 2093 1402 2146 Fabius
1421 2098 1570 2152 etiam

294 2140 468 2192 urbem
504 2145 774 2197 Cimetram
811 2150 944 2218 cepit
967 2170 978 2201 ε
1001 2152 1069 2203 ibi
1102 2171 1242 2223 capta
1270 2177 1570 2219 armatorum

291 2205 394 2259 duo
420 2208 569 2263 millia
591 2214 938 2284 quadringenti
960 2236 973 2268 z
997 2220 1097 2271 caefi
1117 2220 1270 2277 ferme
1290 2244 1567 2298 pugnantes

343 2368 371 2405 4
394 2357 594 2412 Tempore]
627 2364 674 2401 In
695 2373 897 2416 tempore,
953 2369 1066 2409 causa
1092 2371 1309 2423 profitetum
1331 2391 1478 2420 metum
1505 2382 1565 2422 in-

290 2410 529 2462 tempestive.
561 2415 620 2453 Sic
651 2419 734 2456 Cic.
765 2417 792 2455 1.
826 2424 896 2460 111.
953 2426 1124 2474 jecerunt
1160 2432 1409 2473 samnitibus.
1455 2438 1564 2476 Nam

288 2463 336 2502 de
360 2462 478 2504 Offic.
504 2480 542 2505 n.
573 2470 636 2514 58.
663 2469 737 2509 Ad
758 2485 901 2514 coenam
957 2479 998 2516 ὅ(
1024 2491 1170 2519 vanum
1191 2495 1346 2537 quoque
1366 2489 1412 2527 iis
1434 2500 1561 2530 terro-

287 2526 448 2573 tempore
467 2521 577 2558 venit
594 2524 747 2561 Canius.
955 2544 1037 2571 rem
1096 2534 1322 2578 obtulerunt
1357 2569 1370 2588 ‚
1421 2555 1561 2596 nempe

343 2581 359 2617 5
391 2575 478 2611 Non
494 2587 583 2612 vero
601 2575 778 2629 tantam]
803 2583 899 2620 Non
952 2584 1134 2627 advenire
1163 2589 1330 2634 alterum
1363 2596 1565 2637 consulem

290 2633 427 2665 verum
451 2626 603 2668 tantum
617 2657 631 2679 ,
654 2631 679 2669 i.
705 2644 739 2670 e.
760 2632 783 2674 ἐι
805 2648 897 2676 vera
951 2651 1041 2680 cum
1067 2646 1250 2685 exercitu.
