1669 3052
376 130 727 195 LlssER
808 110 1015 181 VIII.
1213 117 1369 186 199⁷

125 219 305 270 XXV.
356 212 493 265 Novi
528 206 704 260 deinde
744 200 967 253 consules
999 192 1122 262 juffu
1163 188 1335 258 populi
1360 193 1544 244 Usam-

65 303 219 353 quum
237 281 460 334 mififfent
479 317 494 340 ,
518 276 604 346 qui
628 270 902 332 indicerent
920 258 1221 316 Samnitibus
1241 251 1338 305 bel·
1360 239 1447 276 ²·C·

65 351 167 404 lum
192 391 205 413 ,
237 354 290 402 δε
327 347 409 416 ipsi
446 345 627 412 majore
670 351 846 389 conatu
868 373 883 396 ‚
917 330 1071 401 quam
1109 317 1342 376 adversus

66 423 266 471 Graecos
291 457 305 481 ‚
336 414 508 467 cuneta
542 406 772 483 parabant
795 441 810 465 ,
843 404 896 453 δε
937 398 1028 449 alia
1060 409 1187 445 nova
1219 386 1345 440 nihil

67 502 175 538 tum
210 484 370 534 animo
409 479 504 531 tale
539 471 833 542 agitantibus
875 460 1173 516 acce'fferunt
1210 453 1365 508 auxi-2

37 571 41 575 ·
68 553 150 605 lia,
181 549 361 602 Lucani
383 560 530 613 atque
554 537 736 606 Apuli,
763 534 943 602 quibus
970 527 1197 599 gentibus
1222 519 1347 574 nihil

70 619 133 672 ad
165 635 266 668 eam
304 616 432 665 diem
461 625 574 660 cum
609 609 827 655 Romano
860 597 1045 668 populo
1078 593 1271 650 fuerat,
1294 589 1347 638 in

72 686 217 737 fidem
239 693 479 733 venerunt
500 715 514 738 ‚
546 690 675 726 arma
696 668 924 734 virosque
952 663 1010 714 ad
1033 660 1219 711 bellum
1244 653 1353 724 pol·-

73 751 296 802 licentes.
338 745 533 798 foedere
576 755 693 806 ergo
737 736 785 786 in
830 729 1095 783 amicitiam
1139 722 1350 790 accepti.

74 816 259 869 Eodem
292 827 513 881 tempore
544 806 689 858 etiam
717 802 764 853 in
791 798 985 851 Samnio
1015 810 1090 846 res
1124 792 1355 860 prospere

113 884 218 935 esta.
250 884 341 933 tria
374 876 550 947 oppida
578 873 625 922 in
649 869 934 939 potestatem
957 873 1200 917 venerunt
1221 896 1237 919 ‚
1268 855 1354 907 Al-

98 951 173 1001 ifae
195 990 209 1012 ‚
239 945 460 1006 Callifae,
488 937 729 992 Ruffrium
763 955 774 986 :
809 931 1027 998 aliusque
1054 943 1168 994 ager
1197 922 1358 993 primo

77 1017 294 1073 adventu
319 1009 574 1065 consulum
604 1002 754 1071 longe
785 1000 984 1067 lateque
1015 995 1080 1046 est
1150 988 1360 1043 ervasta-

80 1099 178 1136 tus.
218 1089 327 1138 Hoc
359 1077 491 1129 bello
524 1089 622 1123 tam
649 1070 874 1140 prospere
908 1060 1089 1114 commi
1129 1078 1193 1119 o,
1215 1055 1360 1107 alteri

82 1166 283 1219 quoque
319 1145 481 1205 bello,
516 1158 618 1209 quo
659 1134 817 1187 Graeci
852 1129 1196 1183 obsidebantur
1218 1161 1233 1183 ‚
1263 1121 1362 1188 jam

82 1218 190 1271 finis
210 1215 387 1267 aderat.
411 1228 518 1262 nam
537 1219 856 1275 praeterquam
879 1195 1018 1266 quod
1039 1206 1056 1230 ¹
1083 1187 1364 1256 interseptis

85 1279 402 1337 munimentis
439 1274 651 1327 hostium
688 1285 796 1336 pars
833 1264 958 1336 parti
992 1256 1185 1313 absciffa
1220 1269 1363 1315 erat,

87 1361 110 1388 ²
151 1349 369 1401 foediora
400 1342 649 1412 aliquanto
688 1337 813 1388 intra
842 1345 1013 1384 muros
1049 1327 1107 1378 iis
1130 1365 1145 1388 ,
1179 1322 1367 1392 quibus

87 1417 239 1470 hostis
268 1411 552 1472 territabat,
592 1403 933 1476 patiebantur:
957 1400 1007 1450 &
1038 1391 1197 1448 veluti
1233 1387 1366 1457 capti

89 1486 116 1539 ᾗ
161 1477 464 1548 suismetipsis
505 1471 727 1544 praefidiis
763 1507 779 1531 ‚
823 1465 1022 1532 indigna
1061 1461 1155 1528 jam
1199 1454 1368 1507 liberis

91 1567 296 1621 quoque
326 1565 380 1599 ac
415 1540 708 1610 conjugibus
729 1575 744 1596 ,
778 1539 830 1587 δε
862 1549 968 1601 quae
999 1542 1250 1596 captarum
1285 1539 1371 1573 ur-

15 1632 18 1636 '
91 1620 231 1678 bium
249 1630 462 1667 extrema
482 1612 590 1661 sunt
609 1646 623 1669 ,
644 1603 970 1675 patiebantur.
991 1600 1168 1663 Itaque
1183 1631 1197 1652 ,
1213 1606 1373 1660 quum

97 1689 150 1739 &
184 1686 445 1737 &Tarento
473 1681 526 1729 ὃς
559 1674 586 1725 a
610 1669 908 1723 Samnitibus
940 1664 1065 1715 fama
1101 1657 1217 1710 effet
1244 1671 1376 1707 nova

98 1751 277 1811 auxilia
298 1761 506 1800 ventura
524 1781 540 1801 ‚
564 1736 854 1792 Samnitium
879 1731 989 1802 plus
1015 1727 1164 1797 quam
1188 1722 1377 1776 vellent

100 1821 226 1871 intra
259 1813 446 1867 moenia
476 1807 567 1860 effe
601 1806 832 1858 rebantur
856 1796 1268 1852 :Tarentinorum
1299 1788 1377 1856 ju-

99 1900 356 1941 ventutem
387 1919 404 1944 ,
448 1874 607 1929 Graeci
647 1874 882 1933 Graecos,
913 1862 1049 1917 haud
1089 1859 1251 1912 minus
1294 1871 1382 1927 per

163 2059 178 2085 1
206 2043 426 2098 Interseptis
440 2036 678 2082 munimentis
696 2042 711 2087 ]
770 2033 995 2073 societatem
1013 2023 1139 2066 mutui
1157 2017 1293 2060 auxilii
1311 2017 1387 2057 ho-

106 2104 355 2143 Munimen‘ta
378 2096 442 2135 hic
463 2094 717 2144 intelligimus
772 2087 890 2127 stibus
918 2085 1169 2123 diremerant.

109 2157 273 2195 brachia
292 2151 313 2190 ἐι
333 2149 520 2202 Palaepoli
543 2146 592 2186 ad
612 2149 716 2185 Nea·
811 2153 832 2178 2
845 2138 1016 2177 foediora.
1028 2131 1254 2187 aliquanto]
1273 2129 1389 2164 Hunc

111 2210 237 2262 polim
263 2206 400 2252 dueta,
420 2216 485 2256 per
507 2213 591 2254 quae
614 2199 721 2238 ultro
777 2206 906 2234 totum
937 2192 1068 2229 locum
1099 2184 1147 2223 sse
1173 2182 1266 2232 legit
1287 2185 1391 2216 Gro-

108 2266 287 2314 cittoque
320 2268 543 2297 commeate
578 2256 617 2292 ὅ(
652 2250 723 2290 fibi
779 2250 930 2288 novius.
983 2240 1154 2280 Faediora
1196 2233 1392 2288 aliquanto

111 2316 282 2356 invicem
298 2311 489 2351 auxilium
506 2308 604 2347 ferre
621 2312 729 2346 Grae-
779 2305 878 2342 intra
894 2310 1016 2338 muros
1037 2296 1087 2334 iis
1101 2322 1112 2342 ,
1130 2287 1265 2347 quibus
1282 2283 1395 2335 hostes

113 2373 151 2409 ci
170 2366 333 2422 possent.
361 2363 453 2405 Vid.
474 2360 588 2414 supra
605 2374 639 2399 c.
661 2371 725 2406 23.
782 2351 980 2395 territabat
1003 2376 1015 2396 ‚
1048 2352 1100 2392 (θ’
1118 2373 1130 2392 ,
1162 2339 1270 2379 velut
1296 2334 1397 2391 capti

114 2428 209 2463 Ηεεε
227 2424 344 2475 igitur
365 2419 609 2458 munimenta
624 2442 636 2462 ‚
652 2411 726 2452 five
785 2410 809 2446 ἆ
831 2404 983 2460 suismet
1011 2400 1076 2456 ipsi
1105 2392 1287 2448 praefidiis
1302 2421 1314 2441 ,
1338 2391 1400 2430 in-

113 2478 278 2516 brachia
309 2472 463 2512 fuerant
494 2469 726 2519 intersepta,
787 2462 902 2514 digna
926 2460 1006 2507 iam
1036 2456 1073 2493 in
1102 2449 1228 2492 liberis
1255 2455 1402 2501 quoque

114 2529 190 2571 {ive
216 2534 457 2579 interrupta,
477 2523 654 2563 intercisa
679 2520 730 2559 ab
783 2530 825 2555 ac
857 2508 1072 2563 conjugibus
1089 2531 1100 2551 ‚
1125 2510 1177 2548 ω’
1207 2514 1289 2557 quae
1312 2505 1402 2550 cap·

117 2585 314 2626 Romanis
330 2609 342 2629 ,
365 2582 431 2632 qui
465 2575 599 2616 medio
633 2577 731 2612 inter
786 2580 910 2609 tarum
939 2563 1082 2602 urbium
1104 2566 1270 2597 extrema
1287 2550 1404 2605 sunt,

117 2650 321 2693 utramque
350 2634 489 2674 urbem
509 2632 600 2672 loco
617 2640 731 2682 capto
783 2619 1044 2680 putabantur.

1048 2670 1076 2719 Ι
1116 2662 1186 2731 iiij

1464 245 1550 278 323·
