1680 3110
1082 342 1129 393 ff
1207 388 1217 398 .
1243 355 1416 424 Itaque
1441 363 1571 430 apud

296 387 512 438 infensos
531 391 596 440 ob
621 393 978 515 interpellatam
997 407 1309 468 dulcedinem
1327 424 1428 488 irae,
1454 445 1576 480 con·

791 467 980 549 ita-est,
1015 491 1072 526 ut
1107 479 1370 538 doceretur
1406 494 1571 559 miles,

293 588 449 654 ceffiffe
470 625 484 647 ,
508 608 588 639 aut
626 598 808 663 ceffitros
831 625 845 651 .·
876 609 990 670 quin
1013 613 1177 671 duces,
1186 618 1308 682 sicut
1336 623 1473 682 belli,
1499 630 1572 680 ita

289 653 580 717 insatiabilis
605 664 836 730 supplicii
860 674 1046 735 futuros
1061 681 1231 746 futffe,
1271 689 1323 735 ni
1347 693 1571 759 respeaus

288 722 499 786 equitum
523 727 867 792 ftxcentorum,
903 743 986 804 qui
1015 750 1213 797 Luceriae
1246 753 1406 818 obsides
1437 776 1568 810 tene-

285 803 450 836 rentur
469 824 486 846 ,
519 799 797 865 praepedzffet
824 806 998 856 animos
1029 831 1044 857 .·
1079 830 1133 861 ne
1162 817 1392 883 desperata
1426 829 1568 880 venia

284 855 428 916 hostes
465 876 602 907 caecos
639 865 687 912 in
712 868 949 935 supplicia
982 892 1130 928 eorum
1163 901 1352 947 ageret,
1377 896 1570 956 perdere

285 918 427 986 prius
447 958 462 978 ,
494 921 632 990 quum
663 935 820 997 perire
855 951 1076 1004 optantes.
1112 948 1328 1002 Laudare
1360 971 1415 1005 ea
1441 959 1570 1010 mili-

289 999 366 1036 tes
390 1025 403 1048 ‚
435 987 680 1060 laetarique
713 998 910 1053 obvium
939 1005 1065 1059 itum
1100 1011 1180 1063 irae
1213 1017 1303 1067 suae
1338 1021 1429 1073 effe
1464 1043 1476 1073 ε
1511 1042 1570 1077 ac

286 1051 435 1105 fateri
460 1060 621 1110 omnia
644 1064 869 1130 patienda
890 1074 1056 1140 potius
1072 1116 1086 1138 ,
1102 1079 1250 1148 quim
1274 1088 1569 1152 proderetur

280 1118 412 1171 salus
450 1138 525 1174 tot
548 1127 825 1199 principum
850 1139 1071 1193 Romanae
1090 1145 1378 1210 juventutis

353 1190 459 1239 XV.
500 1193 708 1247 Dimissi
735 1203 1007 1270 concione,
1033 1213 1286 1268 consilium
1310 1219 1565 1292 habitum,

283 1255 575 1309 omnibusne
610 1265 766 1330 copiis
806 1272 1063 1326 Luceriam
1090 1297 1367 1347 premerent
1385 1330 1400 1352 ,
1419 1311 1476 1343 an
1499 1296 1568 1346 al-

283 1333 394 1371 tero
425 1326 647 1379 exercitu
669 1334 722 1380 &
745 1333 872 1388 duce
896 1342 1044 1408 Apuli
1076 1347 1207 1398 circa
1225 1388 1239 1410 ‚
1262 1366 1380 1418 gens
1404 1359 1565 1413 dubiae

278 1386 343 1439 ad
367 1388 417 1439 id
447 1391 746 1462 voluntati5‚
771 1415 1090 1463 tentarentur.
1127 1415 1368 1473 Publilius
1392 1429 1565 1482 consul

278 1454 711 1573 adcperagrandam
729 1469 979 1536 profeehis
998 1479 1254 1555 Apuliam,
1269 1486 1459 1559 aliquot
1477 1512 1565 1547 ex·

280 1538 341 1589 pe
381 1543 395 1573 1

401 1524 535 1578 tione
560 1531 653 1582 unzi
679 1537 889 1602 populos
911 1557 992 1594 aut
1014 1563 1064 1597 vi
1092 1547 1283 1617 subegit
1298 1592 1313 1615 ‚
1336 1573 1422 1609 aut
1442 1578 1564 1616 con-

280 1587 554 1645 ditionibus
576 1597 626 1648 in
661 1604 946 1659 societatem
970 1614 1176 1681 accepit.
1210 1620 1406 1689 Papirio
1433 1647 1563 1697 quo-

107 1661 254 1702 tueeria
277 1672 376 1724 que
394 1697 410 1720 ,
436 1661 523 1727 qui
556 1664 768 1720 obsessor
793 1677 1005 1728 Luceriae
1027 1680 1267 1736 restiterat
1290 1726 1304 1748 ‚
1338 1690 1475 1745 brevi
1499 1698 1561 1750 ad

62 1717 175 1756 *φάο
272 1724 406 1792 spem
442 1743 652 1784 eventus
689 1739 952 1807 respondit.
987 1763 1098 1796 nam
1124 1748 1300 1804 insessis
1327 1762 1558 1817 omnibus

270 1790 392 1853 viis,
422 1809 508 1862 per
540 1815 659 1865 quas
692 1820 998 1861 commeatus
1038 1830 1098 1864 ex
1135 1820 1331 1873 Samnio
1375 1828 1557 1882 subve-

266 1855 547 1923 hebantur,
569 1863 695 1919 fame
731 1871 904 1926 domiti
940 1881 1179 1934 Samnites
1217 1890 1304 1956 qui
1335 1896 1553 1950 Luceriae

267 1923 323 1975 in
361 1927 577 1995 praefidio
602 1950 768 2000 erant,
796 1939 983 2008 legatos
1016 1948 1185 2001 misere
1222 1955 1281 2005 ad
1305 1963 1557 2017 consulem

265 1991 542 2047 Romanum
564 2037 580 2059 ‚
612 2017 668 2051 ut
692 2043 703 2063 ‚
732 2010 942 2077 receptis
972 2029 996 2062 e
1041 2016 1257 2082 uitibuS,
1297 2027 1383 2092 qui
1412 2034 1556 2084 causa.

264 2055 386 2110 belli
424 2059 603 2122 effent‚
632 2069 873 2125 absisteret
907 2076 1005 2128 obs1
1043 2082 1171 2134 ione.
1220 2088 1307 2139 His
1330 2095 1553 2162 Papirius

262 2122 334 2174 ita
371 2129 619 2197 respondit
642 2153 653 2185 z
689 2143 898 2209 Debutffi’
921 2163 991 2194 eos
1015 2154 1225 2201 Pontium
1248 2164 1552 2231 Herenniifi-

264 2189 410 2250 lium,
431 2213 520 2261 quo
550 2204 731 2253 auci‘t'ore
766 2213 984 2260 Romanos
1000 2215 1087 2276 fich
1113 2224 1278 2285 jugum
1313 2229 1549 2297 mififfi’nt,

268 2260 525 2324 consulere,
557 2270 670 2332 quid
711 2274 855 2323 vidis
884 2281 1154 2343 patiendum
1192 2292 1398 2353 censeret.
1425 2315 1550 2348 cete-

265 2331 370 2375 rum
386 2363 402 2384 ,
426 2334 641 2394 quoniam
665 2339 719 2385 ab
738 2342 930 2403 hostibus
946 2347 995 2394 in
999 2349 1053 2409 se
1073 2368 1200 2416 aequa
1202 2355 1357 2417 statui
1370 2397 1386 2417 ,
1408 2364 1550 2429 qudm

264 2390 317 2440 in
346 2395 400 2457 se
439 2397 523 2463 ipsi
549 2401 680 2464 ferre
720 2407 968 2459 maluerint
1000 2431 1020 2472 ‚·
1057 2421 1273 2479 nunciare
1310 2432 1550 2483 Luceriam

196 2511 204 2523 Ι
267 2455 423 2523 justit,
454 2483 613 2523 arma,
634 2472 847 2532 fizrcinas
874 2512 889 2533 ,
915 2483 1125 2536 jumenta
1154 2520 1169 2541 ,
1205 2488 1549 2549 multitudinem

49 2513 247 2606 gussnbmffl
266 2543 437 2577 omnem
477 2533 739 2594 imbellem,
764 2542 888 2591 intra
912 2548 1075 2597 maenia
1109 2551 1433 2621 relinquerent.
1459 2567 1546 2613 mi-

54 2610 241 2652 samaim.
263 2590 395 2646 litem
408 2597 465 2662 ss'
495 2616 598 2652 cum
614 2603 824 2674 singulis
858 2612 1142 2683 vestimentis
1150 2620 1239 2685 sub
1248 2629 1414 2693 jugum
1434 2634 1547 2695 mis„
