1680 3110
70 304 240 349 a.C.361

90 572 233 606 Exodia

67 620 239 656 Atellam

283 160 370 222 80

668 166 739 229 T.
825 172 1181 242 L1v11

71 255 261 299 U.c.391.
282 242 496 312 ipsorum
541 249 658 299 voci
696 251 876 305 relista.
923 263 958 309 Ρ

249 333 261 346 ·
284 309 510 363 bularum
540 315 597 364 ab
617 317 710 369 risu
734 337 789 370 ac
814 322 938 374 solut

280 378 333 428 δε
355 376 501 430 ludus
519 380 566 430 in
596 399 750 436 artem
776 390 937 456 paulat

964 260 1184 330 ostquarn
1217 264 1325 336 lege
1359 268 1452 320 hac
1487 269 1566 324 fa·-

943 327 1104 401 ojoco
1133 347 1208 381 res
1231 336 1560 408 avocabatur,

941 410 1005 443 lm
1041 412 1256 450 verterat
1276 425 1291 464 3
1323 419 1560 466 juventus

279 443 598 499 histrionibus
621 450 908 508 fabellarum
933 460 1044 512 actu
1073 463 1243 516 relicto
1263 467 1398 536 {ipsa
1427 472 1559 523 inter

279 511 326 561 se
351 529 486 564 more
512 516 718 586 antiquo
744 523 950 576 ridicula
974 529 1158 581 intexta
1183 532 1397 586 verfibus
1419 536 1559 603 jaffi-

279 592 383 629 tare
416 582 606 650 coepit:
629 596 674 628 ¹³
711 607 818 658 quae
850 592 964 644 inde
996 597 1170 648 exodia
1199 600 1360 666 postea
1388 604 1557 672 appel-

241 651 252 663 ·
275 644 406 708 lata,
441 657 493 690 14
520 653 839 724 consertaque
869 658 1060 712 fabellis
1089 666 1383 733 potiffimum
1414 671 1554 723 Atel-

274 712 399 763 lanis
422 715 546 767 sunt.
582 722 740 783 Quod
770 739 925 789 genus
955 727 1188 782 ludorum
1219 733 1277 783 ab
1303 737 1449 787 Oscis
1477 756 1554 790 ac-

274 796 478 848 ceptum
519 788 678 836 tenuit
709 788 977 856 juventus,
1011 813 1103 846 nec
1138 798 1198 849 ab
1235 799 1555 858 histrionibus

276 848 436 917 pollui
460 849 582 918 paffa
607 853 688 904 est.
721 859 789 906 Eo
813 858 1086 913 institutum
1111 882 1274 917 manet
1290 905 1306 928 ,
1335 885 1392 919 ut
1420 871 1552 923 aeto-

274 932 355 966 res
388 917 756 983 Atellanarum,
777 942 869 976 nec
901 937 952 971 15
982 930 1115 982 tribu
1147 950 1437 988 moveantur
1456 977 1472 1000 ,
1502 942 1554 991 δε

276 981 510 1052 stipendia
532 1023 546 1045 ‚
581 1001 812 1057 tanquam
832 1010 1058 1064 expertes
1080 999 1195 1049 artis
1220 999 1417 1053 ludicrae
1437 1042 1457 1064 ,Α
1479 1004 1551 1057 fa-

274 1048 427 1100 ciant.
459 1056 594 1103 Inter
616 1054 819 1108 aliarum
841 1079 985 1128 parva
1007 1064 1244 1135 principia
1267 1086 1457 1133 return,
1478 1071 1554 1124 lu-

272 1115 455 1167 dorum
488 1126 874 1191 quoque-prima
904 1129 1044 1197 origo
1076 1135 1298 1200 ponenda
1326 1137 1423 1188 visa
1454 1139 1554 1191 est:

274 1197 334 1234 ut
374 1202 657 1254 appareret,
683 1192 732 1226 1⁶
773 1194 922 1261 quam
959 1197 1018 1247 ab
1052 1201 1167 1250 sano
1205 1201 1348 1253 initio
1385 1222 1461 1256 res
1500 1207 1553 1258 in

324 1290 369 1327 13
391 1280 492 1335 Qae
505 1282 593 1322 inde
606 1286 773 1339 exodia]
791 1292 891 1331 Exo-

273 1329 382 1371 dium
407 1347 484 1372 vox
512 1341 645 1379 Graeca
672 1344 818 1384 exitum
841 1344 886 1385 fi-

273 1385 477 1438 gnificans.
521 1392 751 1435 Exodiarius
780 1425 790 1442 ,
821 1401 882 1438 in-

271 1443 360 1493 quit
393 1452 500 1481 vetus
534 1448 732 1488 Juvenalis
766 1452 883 1493 scho-

272 1492 401 1535 liastes
423 1524 436 1543 ,
472 1497 512 1534 in
530 1495 607 1545 fine
631 1498 800 1542 ludorum
826 1507 884 1546 in-

271 1547 403 1587 trabat
416 1576 427 1594 ,
444 1549 545 1602 qubd
566 1551 742 1594 ridiculus
758 1558 883 1610 foret.-

271 1609 340 1648 ιιι,
365 1602 553 1655 quidquid
573 1603 817 1658 lacrymarum
839 1629 883 1652 ac

267 1653 435 1703 tristitiae
452 1657 643 1709 cob'gzſj'ent
662 1675 708 1699 ex
729 1668 882 1718 tragicis

269 1706 472 1758 affiHibus
494 1740 505 1757 ‚
541 1709 662 1760 hujus
682 1715 883 1769 spec‘iaculi

265 1760 364 1812 rifias
415 1763 627 1816 detergeret.
691 1771 882 1812 Exodium

267 1816 390 1866 igitur
407 1829 451 1854 ex
473 1831 519 1856 eo
542 1817 688 1860 di&um
705 1823 756 1862 est
771 1825 881 1878 quod

267 1869 311 1906 in
339 1870 470 1919 exitu-2,
494 1869 569 1910 five
597 1871 671 1913 fine
694 1877 880 1921 ludorum

267 1934 461 1974 ageretur.
499 1927 551 1964 At
584 1931 728 1969 vocula
761 1934 846 1971 inde
867 1964 879 1983 ‚

266 1974 336 2015 h'ic
365 1978 588 2031 interposita
614 2011 627 2030 ,
666 1982 880 2037 significate

266 2029 423 2070 videtur
467 2035 597 2072 exodii
645 2040 877 2090 appellatio-

267 2095 359 2123 nem
385 2098 431 2123 ex
460 2100 505 2125 eo
540 2087 745 2132 deductam
776 2093 876 2144 esse,

266 2137 374 2190 quod
391 2141 567 2190 juventus
588 2142 733 2186 fabulis
750 2152 874 2201 egres-

264 2193 307 2232 sa
337 2192 668 2246 quodammodo,
700 2199 804 2250 five,
837 2216 878 2243 ut

265 2245 345 2298 ipse
373 2249 500 2287 Livius
525 2249 660 2291 scribit
675 2280 688 2301 ‚
707 2254 876 2296 fabella-

265 2312 357 2341 1um
389 2301 476 2340 anstu
509 2303 641 2344 relicto
666 2335 678 2354 ‚
713 2309 764 2348 ad
803 2311 876 2351 hos

263 2356 376 2405 jocos
397 2353 590 2396 rediisset:
609 2373 693 2412 quae
717 2364 874 2415 quidem

263 2409 380 2459 hujus
433 2411 705 2461 appellationis
760 2421 874 2470 origo

262 2475 404 2515 parurn
432 2464 651 2514 probabilis
678 2468 743 2508 est.
785 2473 872 2511 Ali-

294 2527 360 2554 uot
387 2517 517 2569 scripti
545 2520 728 2570 ignorant
752 2528 789 2564 τὸ
814 2527 870 2564 in-

289 2584 321 2612 e.
364 2573 498 2623 Itaque
527 2571 625 2614 illud
653 2577 788 2617 eradas
818 2580 867 2618 li-

261 2635 335 2662 cet.

314 2688 366 2728 14
403 2680 647 2741 Consertaque
676 2684 867 2742 fhbellis]

942 1291 1131 1334 Constant
1151 1309 1195 1335 ex
1222 1296 1379 1337 fabellis
1398 1302 1552 1343 Atella-

940 1349 1013 1385 nis.
1053 1348 1147 1388 Inde
1184 1352 1404 1403 promiscue
1444 1358 1552 1396 usur-

939 1413 1081 1452 pantur
1114 1406 1289 1442 exodium
1317 1408 1358 1444 &
1388 1408 1552 1450 Atella-

940 1467 1004 1493 πα.
1045 1460 1146 1508 Saepe
1174 1461 1295 1497 etiam
1323 1462 1450 1501 ambo
1474 1478 1550 1503 vo-

939 1508 1080 1548 cabula
1109 1513 1348 1565 junguntur,
1373 1528 1414 1554 ut
1444 1518 1549 1570 apud

938 1565 1091 1601 sueton.
1113 1566 1152 1602 in
1174 1566 1264 1604 Tib.
1290 1580 1410 1616 (μεθ’.
1434 1570 1550 1610 ,Atel-

936 1611 1057 1654 lanico
1087 1618 1219 1657 exodio
1237 1647 1248 1667 ,
1282 1623 1321 1658 &
1348 1624 1450 1673 apud
1477 1628 1547 1665 Ju-

935 1681 1025 1708 ven..
1057 1674 1134 1709 Sat.
1165 1677 1235 1710 VI.
1266 1686 1304 1712 v.
1336 1687 1402 1720 71.
1443 1679 1546 1716 Exo-

936 1719 997 1759 dio
1015 1751 1024 1761 .
1044 1750 1052 1759 .
1071 1751 1081 1762 .
1106 1723 1307 1764 Atellanae
1330 1733 1550 1772 Autonoes.

937 1778 1062 1814 Porro
1092 1776 1290 1831 Atellanae
1311 1780 1465 1835 fabellae
1495 1786 1548 1824 ab

937 1827 1076 1868 Atella
1112 1831 1306 1873 Oscorum
1347 1837 1504 1878 civitate
1527 1866 1544 1888 ,

936 1882 1004 1922 ubi
1028 1883 1204 1935 primum
1232 1887 1398 1928 actitatae
1430 1891 1548 1942 sunt,

934 1947 1080 1975 nomen
1117 1949 1327 1981 traxerant.
1363 1947 1468 1984 Jocis
1502 1949 1544 1987 &

936 1990 1079 2029 salibus
1114 2021 1126 2040 ‚
1174 1994 1356 2035 modestis
1412 2010 1545 2041 tamen

932 2043 1065 2095 primo
1104 2048 1145 2084 &
1187 2050 1361 2100 ingenuis
1385 2079 1397 2098 ,
1433 2066 1545 2093 com·

932 2097 1235 2140 mendabantur.
1273 2102 1373 2142 Osca
1408 2105 1543 2160 linguai

932 2153 1147 2203 agebantur
1165 2183 1178 2203 ,
1195 2155 1402 2209 postquam
1420 2164 1542 2200 etiam

932 2207 1033 2248 Osca
1056 2220 1146 2259 gens
1173 2205 1245 2248 effe
1268 2209 1427 2252 deflerat
1444 2230 1452 2253 ε
1471 2228 1544 2254 un-

931 2257 977 2298 de
1008 2259 1235 2302 dicebantur
1269 2278 1424 2318 quoque
1459 2268 1544 2320 Osci

927 2310 1024 2354 ludi.
1066 2316 1167 2354 Osca
1198 2330 1330 2357 autem
1369 2333 1458 2371 gens
1498 2324 1543 2361 in

931 2370 1149 2420 Campania
1193 2370 1267 2411 fuit
1307 2401 1320 2421 ,
1362 2375 1402 2412 in
1443 2374 1540 2415 duos

928 2422 1094 2472 populos
1126 2422 1248 2464 divisa
1278 2453 1290 2472 ,
1332 2429 1538 2469 Auruncos

928 2485 1066 2527 nempe
1092 2479 1131 2515 &
1164 2477 1363 2518 Sidicinos.

985 2540 998 2565 ι
1013 2541 1028 2574 5
1051 2530 1159 2569 Tribu
1175 2541 1423 2585 moveantur]
1441 2535 1540 2578 Vid-

926 2594 1008 2621 not.
1033 2597 1070 2631 4.
1098 2583 1147 2622 ad
1170 2599 1204 2624 c.
1230 2598 1293 2634 24.
1320 2587 1347 2624 1.
1369 2592 1438 2628 IV.

983 2644 1029 2673 16
1104 2637 1191 2675 mim
1211 2639 1258 2677 ab
1279 2640 1366 2689 sano
1385 2642 1494 2680 initio
1511 2649 1529 2693 ]

924 2688 1056 2738 Quam
1111 2692 1272 2734 modico
1326 2696 1368 2737 ὃς
1419 2695 1533 2737 aero.
