1680 3110
307 161 450 247 386
698 151 812 215 ΓΤ.
901 148 1233 214 L1v11

97 253 295 296 U.c.4<9·
325 249 383 303 (γ
403 240 610 311 infcstiits
629 253 764 303 agere
783 249 931 283 cetera
951 266 967 286 ,
1001 229 1059 283 (θ’
1085 218 1296 295 Ρεὶῄςιιί
1317 247 1332 276 .·
1358 241 1409 276 ut
1430 224 1596 294 perdas
1628 251 1631 253 ·

103 304 293 346 ²‘C’293'
320 316 487 369 mitum
530 306 763 357 Samnium
798 301 892 364 inse
927 296 1138 347 uentibus
1182 292 1434 358 consulibus
1473 292 1599 341 tradi

314 380 468 451 peffet.
498 372 690 439 Quando
706 375 807 430 jam
830 385 889 416 nu
913 363 985 414 lus
1008 363 1105 431 effet
1127 361 1313 425 hqllium
1343 360 1566 408 exefcitus
1583 391 1601 413 ‚

330 447 416 515 qui
425 442 574 511 fignis
597 435 782 489 collatis
802 434 1108 483 dimicaturus
1128 426 1621 490 videreturmnumsu·

324 511 484 582 pereffe
504 505 620 556 belli
631 521 794 571 genus,
812 501 993 550 urbium
1013 496 1394 566 oppugnationes‚·
1413 507 1608 560 quarum

325 596 413 652 per
433 575 631 641 exscidia
657 570 856 620 militem
877 565 1151 634 locupletare
1167 560 1322 630 praedd
1335 596 1351 617 ,
1372 560 1430 612 (θ’
1453 558 1614 620 hostem

324 663 408 719 pro
433 645 530 694 aris
552 660 605 692 ac
616 640 738 706 jbcis
761 638 1054 686 dimicantem
1073 633 1283 697 conficere
1295 625 1477 696 poffent.
1516 626 1614 674 Ita-

336 729 437 782 que
461 706 640 760 litteris
658 704 801 756 miffis
826 700 1124 765 adsssenatum
1140 694 1479 771 populumque
1516 691 1617 739 Ro·-

340 794 543 833 manum
572 774 632 824 de
655 773 800 837 rebus
822 769 879 821 ab
901 769 945 819 se
969 766 1112 836 gestis
1133 802 1149 826 ‚
1169 760 1342 814 diversi
1363 798 1377 821 ‚
1394 754 1619 826 Papirius

337 847 400 900 ad
424 843 657 914 Sepinum
680 877 696 901 ‚
720 836 969 890 Carvilius
991 834 1051 886 ad
1068 831 1308 885 Volanam
1328 824 1620 897 oppugnain-

339 915 481 974 dam,
507 910 727 978 legiones
750 905 957 958 ducunt.
1534 915 1538 918 ⁷

410 983 559 1038 XLV.
600 976 792 1027 Litterae
817 969 1105 1031 consulum,
1143 959 1330 1033 ingenti
1353 956 1549 1017 laetitia,
1569 955 1620 1008 δε

351 1050 404 1101 in
438 1045 575 1099 curia
606 1046 655 1094 &
685 1043 733 1092 in
766 1040 1008 1093 concione
1044 1032 1253 1087 auditae:
1284 1032 1335 1080 &
1373 1019 1625 1096 quatridui

349 1112 705 1184 supplicatione
743 1107 1001 1178 publicum
1032 1100 1267 1171 gaudium
1305 1092 1506 1164 privatis
1529 1088 1626 1158 stu-

348 1183 443 1234 diis
468 1180 772 1232 celebratum
791 1173 871 1225 est.
895 1189 985 1223 nec
1008 1167 1194 1240 populo
1214 1169 1437 1215 Romano
1457 1163 1632 1223 magna.

353 1248 512 1302 solum
528 1287 544 1310 ,
563 1246 642 1297 sed
665 1256 1032 1315 peropportuna
1055 1237 1201 1287 etiam
1221 1250 1274 1282 ea
1288 1225 1495 1281 viotoria
1517 1222 1633 1284 fuit,

357 1317 474 1385 quia
495 1332 579 1383 per
607 1312 736 1363 idem
760 1307 890 1359 forte
908 1321 1102 1372 tempus
1123 1295 1366 1352 rebellasse
1404 1290 1636 1344 Etruscos
1661 1321 1666 1333 2

361 1383 562 1438 allatum
584 1379 664 1431 est.
700 1377 908 1428 Subibat
940 1370 1179 1438 cogitatio
1214 1364 1428 1418 animum
1460 1369 1484 1419 ,'
1515 1359 1638 1430 quo-

180 1469 336 1514 Ftrusco.
364 1468 474 1503 nam
509 1447 661 1499 modo
695 1440 966 1495 tolerabilis
1005 1438 1173 1488 futura
1204 1429 1396 1484 Etruria
1430 1424 1600 1494 fuisset
1618 1459 1638 1484 ‚

147 1536 231 1605 Π.
249 1532 305 1555 *²-
369 1532 387 1557 ¹
414 1517 447 1567 fi
470 1513 590 1584 quid
612 1514 659 1563 in
686 1510 882 1562 Samnio
905 1503 1088 1559 adversi
1111 1498 1344 1558 venisset,
1362 1510 1468 1565 quae
1489 1531 1503 1554 ,
1520 1507 1643 1541 con·-

173 1582 187 1606 ε
218 1582 264 1608 ⁵⁰·
367 1584 610 1654 jurati-one
646 1577 935 1629 Samnitium
975 1570 1136 1624 ereeta
1171 1607 1188 1630 ‚
1231 1564 1465 1635 quoniam
1499 1557 1657 1609 ambo·

371 1649 596 1704 consules
617 1685 631 1707 ,
651 1645 905 1714 omnisque
927 1645 1145 1692 Romana
1162 1634 1239 1688 vis
1261 1630 1422 1685 aversa
1444 1627 1494 1678 in
1513 1629 1647 1676 Sam-

373 1719 511 1772 nium
531 1714 677 1775 esset‚
716 1710 1096 1780 occupationem
1116 1700 1285 1773 populi
1316 1692 1523 1748 Romani
1557 1706 1654 1759 pro·

373 1783 630 1838 occafione
664 1777 929 1830 rebellandi
961 1770 1216 1826 habuiffet.
1259 1763 1550 1833 Legationes
1581 1757 1650 1808 so-

378 1854 571 1905 ciorum
597 1850 622 1899 a
648 1853 714 1897 M.
740 1845 890 1897 Atilio
919 1856 1122 1913 praetore
1159 1837 1207 1886 in
1238 1836 1455 1886 senatum
1497 1826 1651 1878 intro-

380 1919 536 1972 ductae
568 1913 899 1984 querebantur
920 1950 933 1971 ‚
959 1909 1036 1960 uti
1053 1910 1102 1958 &
1121 1902 1293 1957 vastari
1322 1913 1464 1968 agros
1494 1893 1521 1946 ὲ
1544 1890 1652 1961 6,ήί-

384 1986 517 2039 timis
548 1981 797 2042 EtrusciS,
860 1977 963 2028 uod
999 1972 1264 2024 desciscere
1286 1970 1313 2020 a
1340 1962 1524 2036 populo
1560 1961 1615 2010 R

384 2070 531 2106 mano
563 2048 752 2102 nollent
776 2064 787 2096 ε
810 1998 1278 2105 obtestabanturque
1314 2038 1481 2086 Patres
1516 2030 1656 2078 Con-

387 2120 595 2187 scriptos
613 2156 628 2179 ,
661 2130 718 2168 ut
743 2116 787 2164 se
814 2111 839 2163 a
859 2111 910 2164 vi
932 2125 1079 2177 atque
1112 2103 1288 2171 injuria
1321 2093 1659 2151 communium

388 2186 604 2239 hostium
628 2195 924 2234 tutarentur.
958 2174 1255 2242 Responsum
1284 2165 1457 2236 legatis
1477 2202 1494 2226 ‚
1531 2160 1655 2213 Cur'

379 2255 570 2322 senatui
593 2254 808 2317 futurum
842 2283 858 2303 ,
891 2263 944 2294 ne
969 2245 1117 2308 βείω
1142 2239 1263 2308 fidei
1288 2239 1384 2302 suae
1404 2231 1621 2302 poenitere

393 2323 684 2387 Etruscorum
699 2316 956 2384 propediem
985 2310 1184 2359 eamdem
1209 2307 1448 2370 fhrtunam
1471 2334 1487 2355 ,
1524 2313 1616 2363 qua

396 2389 673 2440 Samnitium
706 2420 721 2441 ,
768 2385 889 2448 fore.
927 2374 1134 2444 Segnius
1171 2387 1334 2423 tamen
1375 2405 1392 2430 ,
1428 2362 1566 2434 quod

395 2454 643 2511 Etruriam
661 2447 898 2502 attinebat
921 2484 935 2505 ,
973 2444 1076 2494 acta
1096 2457 1173 2492 res
1197 2437 1314 2490 effer
1328 2475 1344 2498 ,
1373 2432 1424 2485 ni
1464 2429 1619 2483 Falisc
1640 2482 1646 2487 Γ

397 2538 604 2591 quoque
621 2557 636 2579 ‚
661 2515 748 2586 qui
765 2532 852 2584 per
875 2513 1059 2563 multos
1084 2522 1235 2559 annos
1253 2506 1302 2554 in
1320 2498 1535 2553 amicitia
1555 2492 1639 2546 fu'e

401 2603 509 2642 rant
537 2627 552 2649 ,
596 2584 813 2655 allatum
836 2580 968 2631 foret
993 2618 1009 2640 ,
1040 2592 1171 2628 arma
1205 2569 1421 2622 Etruscis
1455 2555 1650 2634 junxiff,

461 2683 475 2709 1
505 2671 548 2711 Si
569 2667 685 2727 quid.
703 2696 713 2709 .
731 2696 741 2709 .
769 2663 920 2717 adversi
940 2660 1127 2715 veng'ffet]
1149 2663 1246 2712 Lege
1261 2685 1275 2707 ‚
1298 2654 1490 2708 evem‘ffet.
1644 2647 1649 2656 '
