1680 3110
308 157 434 236 382
731 153 812 215 T.
896 150 946 212 L
983 171 1005 212 1
1041 174 1083 214 v
1122 174 1143 214 1
1186 173 1206 215 1

99 248 290 300 U.c.4q9,
313 236 428 287 effet
447 276 461 297 ,
481 234 562 286 sed
587 233 761 284 melius
792 234 920 283 muri
938 271 952 293 ,
975 233 1123 299 quam
1140 234 1322 286 vallum
1341 273 1356 295 ,
1381 249 1594 286 armatos

99 307 291 350 &Ca-93·
313 317 494 355 arcent.
525 299 637 349 inde
673 298 916 369 lapidibus
950 299 1232 367 propulsant
1260 301 1455 353 hostem.
1490 302 1594 351 Sci·
1616 311 1629 322 “

43 369 59 372 “
313 371 425 438 pio,
451 364 536 417 nifi
563 365 611 415 in
644 366 802 433 primo
837 383 1048 434 pavore,
1078 367 1358 435 priusquam
1390 368 1594 435 collige-

313 449 484 486 rentur
524 432 705 493 animi,
746 433 978 483 transacta
1014 450 1090 482 res
1128 431 1242 483 esset
1276 472 1289 494 ‚
1332 433 1591 485 lentiorem

311 500 421 552 fore
456 499 653 549 munitae
690 500 823 550 urbis
859 501 1278 568 oppugnationem
1314 515 1446 551 ratus
1469 539 1484 562 ‚
1517 502 1592 551 in'-

317 581 537 633 terrogat
568 565 748 616 milites
768 605 783 625 ,
814 570 955 616 Satin'
992 586 1115 633 atquo
1151 570 1300 616 animo
1329 582 1595 633 paterentur

314 637 372 684 ab
398 633 540 682 altero
566 652 702 682 cornu
725 635 867 697 castra
894 647 1025 699 capta
1052 633 1127 698 effe
1144 653 1164 693 ‚·
1180 636 1231 698 fi’
1257 637 1456 683 viffores
1475 633 1597 701 pelli

315 703 343 750 ὰ
377 701 523 767 portis
554 702 682 749 urbis
710 702 734 748 ,Ρ
773 697 1160 749 ΗεςΙειιῃειῃτὶὸυε
1195 699 1461 760 universis,
1493 699 1596 771 pri-

314 783 426 817 mus
449 766 545 834 ipse
569 767 706 815 scuto
734 767 873 834 super
897 780 1044 830 caput
1067 765 1194 815 elato
1219 767 1377 833 pergit
1399 767 1596 834 adpor-

276 848 278 850 ’
318 847 450 883 tam:
489 831 639 882 secuti
677 832 756 882 alii
797 831 1036 881 testudine
1064 832 1189 883 facta
1215 834 1261 882 in
1292 834 1462 884 urbem
1489 851 1599 899 per-

316 915 551 968 rumpunt
573 917 582 949 :
606 899 974 966 deturbatisque
999 899 1297 951 Samnitibus
1313 939 1328 962 ,
1350 900 1435 969 qui
1465 900 1597 951 circa

317 981 510 1035 portam
545 982 681 1015 erant
715 1004 732 1027 ,
776 982 942 1016 muros
982 983 1306 1033 occupavere.
1340 981 1596 1035 penetrare

318 1033 552 1085 interiora
590 1033 758 1094 urbis,
794 1032 909 1101 quia
941 1034 1085 1100 pauci
1119 1032 1384 1085 admodum
1419 1048 1556 1084 etant
1577 1070 1594 1095 ,

319 1118 418 1153 non
457 1099 654 1150 audent.

384 1171 532 1215 XLH.
571 1172 683 1216 Haec
706 1164 865 1232 primo
886 1165 1110 1231 ignorare
1134 1165 1333 1227 consul,
1363 1169 1412 1217 δέ
1434 1171 1597 1217 inten-

321 1248 402 1284 tus
436 1231 719 1300 recipiendo
756 1233 994 1282 exercitui
1033 1231 1159 1285 effe:
1200 1233 1292 1298 jam
1318 1233 1446 1282 enim
1475 1252 1598 1302 prae-

321 1318 438 1365 ceps
457 1300 504 1349 in
529 1301 757 1348 occasum
783 1299 851 1348 sol
878 1314 1010 1348 erat:
1035 1302 1082 1349 &
1104 1315 1332 1367 appetens
1354 1316 1451 1349 nox
1472 1338 1487 1360 ‚
1513 1318 1600 1370 pe-

327 1365 535 1419 riculosa
554 1369 602 1415 δε
627 1365 838 1433 suspecia
862 1365 1023 1414 omnia
1057 1366 1200 1414 etiam
1225 1364 1493 1421 victoribus
1526 1366 1597 1418 fa·

329 1433 507 1484 ciebat.
551 1430 832 1500 Progreffus
869 1429 1064 1498 longius
1101 1432 1158 1482 ab
1194 1432 1361 1482 dextra
1394 1471 1408 1493 ,
1447 1433 1597 1486 castra

327 1516 469 1568 capta
489 1498 626 1549 videt
644 1523 657 1560 3
679 1499 736 1548 ab
759 1499 873 1549 l‘aeva
893 1497 1153 1548 clamorem
1173 1499 1220 1547 in
1238 1499 1384 1560 urbe,
1405 1499 1598 1552 mistum

326 1565 651 1635 pugnantium
692 1582 747 1614 ac
788 1566 1073 1633 paventium
1111 1565 1309 1616 fremitu
1351 1564 1441 1616 effe
1481 1585 1492 1617 t
1540 1571 1596 1620 Sc

326 1649 435 1684 tum
454 1631 584 1683 forte
610 1647 859 1682 certamen
895 1631 953 1682 ad
975 1647 1165 1700 portam
1190 1647 1307 1690 erat.
1343 1633 1597 1684 Adveftus

327 1699 506 1751 deinde
537 1716 670 1766 equo
704 1699 903 1767 propius
923 1737 938 1760 ‚
977 1714 1033 1749 ut
1054 1701 1163 1750 suos
1184 1698 1231 1748 in
1256 1699 1405 1750 muris
1424 1700 1597 1764 videt,

268 1788 272 1794 ’
327 1785 420 1820 nec
442 1767 534 1832 jam
557 1766 734 1833 integri
759 1766 1025 1834 quicquam
1044 1765 1136 1817 esse
1155 1806 1170 1828 ,
1190 1766 1420 1834 quoniam
1443 1782 1599 1817 teme-

325 1835 470 1888 ritate
491 1851 762 1900 paucorum
782 1847 960 1899 magnae
983 1832 1049 1883 rei
1070 1850 1204 1900 parta
1229 1832 1416 1883 occasio
1451 1832 1565 1885 esset
1579 1873 1597 1897 ,

328 1901 476 1954 acciri
511 1917 631 1968 quas
668 1914 917 1967 receperat
954 1899 1153 1966 copias,
1186 1898 1412 1966 signaque
1442 1901 1491 1950 in
1516 1919 1597 1951 ur-

322 1966 621 2019 beminferri
639 1965 781 2031 justit.
823 1976 839 2000 1
867 1966 1062 2033 Ingressi
1083 1967 1301 2033 proxima
1327 1984 1385 2016 ex
1420 1983 1590 2035 part-e,

324 2035 442 2102 quia
459 2051 554 2083 nox
572 2033 1010 2102 appropinquabat,
1031 2035 1279 2100 quievere.
1299 2034 1441 2083 nocte
1456 2035 1597 2102 oppi-

322 2102 441 2152 dum
463 2101 520 2150 ab
549 2100 767 2150 hostibus
789 2099 1030 2150 desertum
1053 2099 1139 2152 est.
1171 2100 1301 2150 Caesa
1325 2099 1407 2149 illo
1433 2099 1509 2150 die
1531 2100 1592 2150 ad

326 2167 645 2236 Aquiloniam
678 2167 965 2217 Samnitium
998 2166 1144 2215 millia
1168 2166 1364 2231 triginta
1386 2167 1596 2218 trecenti

329 2233 647 2304 quadraginta
683 2256 692 2281 :
741 2249 880 2302 capta
918 2232 1009 2282 tria
1052 2233 1201 2283 millia
1237 2232 1505 2301 octingenti
1544 2237 1596 2285 ὅτ.

326 2300 627 2368 septuaginta
663 2318 673 2349 :
705 2298 831 2367 figna
853 2298 1078 2349 militaria
1103 2300 1363 2367 nonaginta
1392 2302 1592 2367 septem.

327 2368 568 2420 Ceterum
608 2365 729 2417 illud
766 2367 1008 2417 memoriae
1038 2367 1281 2424 traditur,
1319 2384 1415 2417 non
1438 2367 1592 2417 ferme

328 2434 481 2487 alium
524 2434 703 2485 ducem
744 2433 979 2484 laetiorem
1015 2433 1065 2482 in
1103 2434 1207 2484 acie
1254 2431 1410 2485 visum
1455 2471 1471 2495 ‚
1512 2435 1594 2485 seu

379 2609 395 2635 1
426 2595 571 2650 Ingreffi
590 2597 761 2649 proxima
782 2609 828 2633 ex
846 2605 932 2648 par·
985 2607 1136 2646 partem
1178 2607 1263 2646 quae
1302 2597 1483 2647 proxima
1519 2594 1594 2635 fuit

324 2657 391 2701 te]
429 2649 584 2704 Inbrcssi
611 2664 677 2702 per
707 2661 795 2688 eam
826 2649 933 2688 urbis
986 2648 1267 2689 venientibus&
1285 2648 1430 2688 castris.
