1680 3110
407 127 445 188 6
726 127 803 187 T.
879 128 931 188 L
977 149 1002 187 1
1044 130 1094 189 ν’
1130 152 1156 189 1
1197 148 1226 188 1

109 218 294 263 'U-c·459-
316 143 420 258 {th
441 247 456 269 ,
485 208 720 276 appellata
747 208 828 258 est.
864 210 954 257 His
981 227 1110 259 arma
1144 208 1341 277 infignia
1372 209 1511 272 data,
1534 210 1589 260 &2

110 266 515 324 ²⁴C·29³-cristatae
556 274 701 339 galeae
739 312 753 332 ‚
801 288 859 323 ut
897 273 1023 324 inter
1064 278 1587 328 ceteros-eminerent.

317 341 472 392 Paulo
498 339 605 406 plus
628 339 805 406 viginti
826 340 1034 391 millium
1056 341 1176 391 alius
1199 343 1440 393 exercitus
1462 342 1586 402 fuit,

317 423 408 456 nec
450 422 713 472 corporum
753 406 942 474 specie,
974 425 1064 459 nec
1102 407 1259 474 gloria
1298 408 1455 470 belli,
1493 423 1586 458 nec

315 487 549 538 apparatu
575 471 782 522 linteatae
814 472 998 540 legioni
1025 474 1194 542 dispar.
1220 474 1302 524 hic
1330 475 1588 525 hominum

317 555 549 588 numerus
572 577 586 600 ,
614 538 759 607 quod
786 540 977 590 roboris
1012 557 1147 603 erat,
1177 541 1235 591 ad
1270 540 1590 609 Aquiloniam

317 605 551 655 consedit.

119 680 296 715 samnium
383 675 596 721 XXXIX.
642 671 887 723 Consules
925 673 1133 741 profecti
1170 674 1228 724 ab
1263 675 1402 726 urbe.
1447 672 1589 723 Prior

105 726 246 820 {Saffum
316 741 397 805 Sp.
429 738 675 790 Carvilius
695 779 709 800 ,
742 739 822 790 cui
854 757 1046 791 veteres
1077 741 1292 807 legiones
1314 780 1328 802 3
1366 756 1486 809 quas
1518 745 1589 789 M.

179 803 190 814 ⁶
317 805 503 856 Atilius
528 805 786 872 superioris
811 808 920 857 anni
946 807 1112 858 consul
1137 810 1186 857 in
1209 826 1325 877 agro
1353 813 1589 858 Interam-

316 872 417 922 nati
462 872 764 940 reliquerat,
805 874 1012 923 decretae
1058 889 1193 924 erant
1221 915 1236 935 ,
1272 892 1385 925 cum
1428 873 1498 923 eis
1535 873 1591 922 in

315 941 564 990 Samnium
593 939 874 1006 profectus,
895 939 1011 991 dum
1044 940 1203 991 hostes
1238 951 1254 975 1
1288 940 1474 1009 operati
1502 940 1585 989 su-

313 1005 679 1074 perstitionibus
708 1006 915 1057 concilia
947 1009 1129 1057 secreta
1160 1023 1311 1075 agunt
1330 1047 1343 1068 ‚
1370 1007 1589 1056 Amiter-

315 1091 432 1123 num
467 1073 705 1140 oppidum
738 1073 798 1122 de
834 1074 1132 1125 Samnitibus
1170 1076 1220 1126 vi
1261 1074 1410 1144 cepit.
1451 1072 1591 1122 Caesae

311 1139 381 1189 ibi
424 1141 570 1189 millia
613 1139 869 1190 hominum
908 1140 1008 1190 duo
1047 1139 1201 1192 ferme
1239 1156 1386 1209 atque
1425 1139 1588 1190 octin-

311 1207 448 1273 genti
472 1226 482 1257 :
508 1221 647 1273 capta
676 1222 887 1274 quatuor
913 1207 1061 1256 millia
1087 1208 1286 1258 ducenti
1309 1206 1588 1275 septuagin-

312 1288 377 1323 ta.
402 1273 621 1342 Papi-rius
645 1291 776 1324 novo
795 1275 1013 1324 exercitu
1039 1278 1057 1337 (
1077 1272 1142 1324 ita
1165 1275 1419 1325 decretum
1442 1273 1582 1336 erat)

314 1339 496 1408 scripto
516 1378 531 1400 ,
565 1341 838 1389 Duroniam
871 1340 1041 1390 urbem
1071 1343 1395 1409 expugnavit:
1422 1339 1587 1389 minus

313 1406 465 1474 quam
498 1405 686 1472 collega
719 1407 850 1474 cepit
887 1406 1142 1458 hominum
1161 1447 1176 1468 ,
1196 1408 1304 1475 plus
1332 1407 1588 1476 aliquanto

312 1474 516 1524 occidit.
556 1475 711 1540 praeda
751 1473 981 1541 opulenta
1026 1474 1292 1543 utrobique
1331 1475 1397 1524 est
1433 1488 1585 1541 parta.

311 1539 701 1607 Indaepervagati
722 1539 968 1589 Samnium
993 1541 1212 1591 consules
1233 1580 1249 1604 ,
1269 1539 1476 1592 maxime
1498 1539 1582 1589 de-

311 1607 549 1676 populato
591 1606 786 1656 Atinate
826 1622 943 1674 agro
975 1630 989 1669 3
1030 1608 1277 1658 Carvilius
1313 1609 1373 1658 ad
1409 1606 1584 1656 Comi-

311 1673 446 1725 nium
475 1712 490 1734 ,
532 1673 751 1739 Papirius
789 1673 849 1723 ad
888 1673 1206 1741 Aquiloniam
1242 1675 1367 1735 (ubi
1405 1676 1591 1724 summa

311 1739 382 1790 rei
414 1739 702 1789 Samnitium
732 1741 873 1802 erat)
905 1741 1145 1808 pervenit.
1176 1752 1198 1775 2
1236 1741 1312 1791 Ibi
1346 1741 1584 1808 aliquam-

310 1806 397 1857 diu
430 1823 520 1858 nec
556 1805 783 1856 ceffatum
814 1806 875 1856 ab
910 1807 1052 1857 armis
1078 1807 1175 1867 est,
1203 1825 1363 1876 neque
1393 1807 1582 1857 naviter

309 1888 580 1941 pugnatum
616 1891 626 1922 :
661 1871 933 1922 lacessendo
979 1875 1177 1942 quietos
1200 1912 1215 1935 3
1258 1874 1602 1925 refistentibus‘

308 1940 531 1991 cedendo
551 1963 567 2002 3
591 1939 1036 2008 comminandoque
1064 1941 1215 2007 magis
1237 1980 1251 2002 ,
1282 1944 1429 2009 quam
1456 1939 1581 1990 infe-

307 2007 461 2057 rendo
482 2022 693 2074 pugnam
708 2045 723 2066 ,
740 2006 850 2055 ‘dies
869 2006 1211 2058 absumebatur
1233 2026 1244 2057 :
1269 2007 1406 2075 quod
1427 2024 1580 2074 quum

306 2073 606 2140 inciperetur
627 2113 641 2134 ,
682 2072 1115 2140 remittereturque
1135 2113 1150 2133 ‚
1179 2074 1397 2125 omnium
1418 2091 1583 2123 rerum

307 2139 454 2189 etiam
485 2157 740 2207 parvarum
774 2155 978 2190 eventus
1007 2139 1346 2207 proferebatur
1378 2140 1427 2189 in
1457 2139 1580 2191 dies·

305 2205 475 2256 Altera
518 2209 730 2254 Romana
773 2205 920 2255 castra
957 2206 1133 2273 viginti
1176 2206 1382 2262 millium
1426 2205 1587 2274 spatio

306 2273 540 2323 aberant:
573 2275 623 2321 &
658 2271 864 2328 absentis
896 2272 1092 2340 collegae
1124 2272 1317 2324 consilia
1349 2272 1578 2322 omnibus

306 2338 532 2406 gerendis
566 2339 833 2387 intererant
867 2338 1010 2389 rebus
1039 2363 1053 2401 3
1086 2339 1420 2406 intentiorque
1452 2340 1574 2388 Car-

302 2404 452 2458 vilius
471 2445 486 2468 ,
509 2422 616 2473 quo.
642 2405 820 2468 majore
853 2404 1126 2457 discrimine
1161 2424 1237 2457 res
1264 2404 1587 2467 vertebatur,

361 2524 375 2549 1
410 2513 590 2567 Operati]
626 2513 718 2554 vid.
750 2520 837 2549 not.
875 2524 909 2550 1.
970 2516 1050 2554 rior
1078 2525 1320 2553 memoratus
1344 2513 1418 2566 est,
1438 2523 1577 2566 nempe

299 2564 352 2605 ad
371 2571 400 2605 Ι.
423 2579 485 2612 31·
968 2568 1019 2610 ad
1039 2567 1314 2623 Aquiloniam,

355 2632 377 2656 2
401 2619 496 2671 Ibi]
518 2623 571 2660 Eo
589 2619 679 2662 loco
699 2619 770 2672 qui
787 2618 920 2674 poste-⁷
