1669 3052
3 231 5 233 ,
398 153 448 217 L
484 172 507 214 1
548 170 586 214 B
626 166 664 210 E
702 163 743 206 R
828 138 948 205 IX.
1191 136 1320 213 285

43 242 168 314 Appi
193 239 359 292 Claudi
373 274 389 296 ,
411 252 496 304 pro
531 236 660 298 istius
692 222 986 294 magistrdtds
1011 217 1238 281 majestate
1265 236 1318 266 ac
1340 229 1533 268 U.c.444.·
1566 251 1569 253 .

48 310 324 365 verecundia
350 322 482 371 quem
508 299 675 368 geffisti
693 332 708 353 ,
734 312 820 343 non
852 288 975 341 mod&
1004 304 1140 338 manu
1166 282 1320 333 viola·
1339 272 1534 316 λαως·

48 394 147 430 tum
162 412 179 433 ,
203 376 286 441 sed
308 392 359 422 ne
380 371 518 419 verbo
533 367 723 433 *quidem
748 356 1082 412 inclementiori
1102 353 1128 401 ἁ
1148 369 1216 401 me
1237 363 1323 416 ap-

6 445 9 448 ’
45 442 276 514 pellatam
314 437 503 488 vellem.
550 435 631 482 Sed
670 430 727 482 Θ
765 430 854 476 haec
893 442 992 490 quae
1029 422 1172 470 adhuc
1207 419 1321 483 egi,

50 509 322 579 pervicacia
354 522 434 553 tua
461 502 519 554 ὠ·
539 495 756 564 superbia
784 493 932 557 coe-'git
956 506 1024 537 me
1049 485 1211 551 loqui3
1234 483 1292 536 ὠ·
1307 516 1327 539 ,

55 576 142 643 nifi
164 572 369 625 AEmiliae
393 569 490 634 legi
503 563 715 632 parueris
735 595 749 616 ,
780 560 831 607 in
852 553 1044 606 vincula
1069 552 1175 600 duci
1188 551 1329 610 jube-

59 646 132 693 bo·
157 660 268 697 nec,
292 655 431 704 quum
465 636 534 683 ita
566 640 870 695 comparatum
905 625 932 670 ἁ
965 620 1211 678 majoribus
1229 615 1326 684 fit,

59 726 113 760 ut
132 707 334 758 comitiis
355 700 566 767 cenfhriis
585 733 599 754 ,
626 705 648 738 5
674 693 757 759 mfi
776 693 858 739 duo
884 687 1154 752 confecerint
1175 682 1331 748 legiti-

60 794 138 828 ma
160 772 425 841 suffi‘agiac,
469 766 490 800 6
528 782 612 812 non
643 758 905 810 renunciate
934 752 1107 806 altero,
1143 749 1333 797 comitia

0 903 1 906 Ἴ
65 842 364 909 differantur,
396 853 474 902 ego
511 846 585 887 te,
620 828 702 894 qui
723 822 851 889 solus
888 820 1036 883 censor
1071 818 1219 864 creari
1248 830 1335 863 non

61 908 197 979 poffls
213 943 229 967 ,
240 904 391 972 solum
418 899 646 962 censuram
672 907 830 958 gerere
854 889 1030 954 patiar.
1061 885 1177 932 Haec
1199 880 1339 931 talia-

0 978 3 981 ’
71 990 173 1044 que
217 988 372 1040 quum
413 960 602 1017 dixiffet
624 998 640 1021 ,
671 954 842 1027 prendi
879 953 1129 1003 censorem
1157 986 1172 1009 ‚
1202 950 1252 997 ὃς
1288 946 1343 996 in

71 1040 272 1095 vincula
294 1033 408 1088 duci
433 1030 574 1097 juffit.
608 1019 1009 1094 Approbantibus
1030 1018 1107 1066 sex
1130 1011 1343 1064 tribunis

72 1106 316 1159 astionem
343 1099 541 1165 collegae
559 1134 573 1156 .,
591 1108 690 1144 tres
721 1085 981 1158 appellanti
1014 1082 1180 1150 Appio
1209 1078 1345 1130 auxi-

74 1174 146 1226 lio
175 1172 376 1225 fuerunt
397 1186 410 1219 ·.
433 1161 717 1227 summaque
743 1152 929 1208 invidia
961 1149 1182 1202 omnium
1212 1143 1346 1197 ordi-

77 1257 199 1294 num
230 1237 359 1289 solus
386 1231 637 1285 censuram
666 1224 818 1292 gessit.

145 1309 371 1358 XXXV.
402 1305 538 1352 Dum
568 1313 624 1347 ea
654 1296 818 1344 Romae
841 1299 1105 1357 geruntur,
1126 1281 1220 1348 jam
1256 1281 1349 1329 Su-

79 1372 235 1426 trium
266 1372 323 1421 ab
357 1364 570 1420 Etruscis
591 1358 927 1412 obsidebatur:
953 1349 1243 1417 consulique
1264 1351 1348 1396 Fa·
1413 1361 1523 1399 Fam

80 1440 167 1491 bio
200 1439 309 1490 imis
333 1433 582 1488 montibus
611 1424 812 1478 ducenti
845 1421 904 1474 ad
931 1417 1181 1471 ferendam
1204 1430 1348 1482 opem
1368 1413 1518 1460 prelium

82 1507 258 1567 sociis»,
281 1499 630 1565 tentandasque
657 1491 960 1546 munitiones
982 1523 998 1546 ‚
1034 1485 1066 1535 si
1104 1482 1202 1551 qu&
1241 1480 1351 1549 pos-
1371 1461 1517 1552 ξξῇὲέ·

85 1574 188 1636 set,
210 1573 338 1623 acies
365 1565 579 1620 hostium
605 1558 832 1612 instructa
861 1552 1082 1608 occurrit
1106 1569 1118 1601 ι
1140 1564 1356 1617 quorum
1488 1532 1502 1548 '

85 1641 336 1709 ingentem
368 1628 741 1687 multitudinem·
763 1642 918 1693 quum
947 1617 1222 1671 ostenderet
1247 1613 1361 1666 sub-

86 1707 211 1777 {ceta
229 1705 325 1759 late
345 1699 568 1774 planities
583 1736 598 1760 ,
621 1692 819 1754 consul,
841 1705 898 1743 ut
921 1688 1036 1739 loco
1057 1682 1358 1754 paucitatem

90 1778 292 1828 suorum
327 1771 577 1835 adjuvaret
597 1803 612 1826 ,
644 1760 798 1814 flectit
828 1752 1078 1826 paululum
1116 1751 1166 1802 in
1200 1748 1361 1800 clivos

91 1858 297 1911 agmen:
323 1841 344 1904 (
366 1838 552 1904 aspreta
579 1844 718 1882 erant
738 1827 879 1878 strata
908 1821 1066 1884 saxis)
1099 1817 1213 1869 inde
1233 1815 1365 1883 figna

95 1910 148 1961 in
181 1907 366 1962 hostem
399 1897 633 1954 obvertit.
665 1892 854 1946 Etrusci
885 1889 1139 1946 omnium,
1170 1898 1368 1952 praeter-

97 1994 246 2045 quam
278 1965 606 2025 multitudinis
642 1965 761 2023 suae‚
783 1957 881 2028 qu&
914 1954 1014 2007 solit
1045 1950 1159 2007 freti
1194 1963 1366 2009 erant,

99 2043 439 2098 immemores,
467 2031 685 2103 praelium
712 2029 884 2078 ineunt
903 2062 919 2084 ‚
949 2020 1072 2073 adeo
1104 2017 1280 2085 raptim
1315 2017 1370 2067 δε

18 2166 30 2180 χ
101 2108 245 2162 avide
272 2145 287 2169 ,
331 2120 388 2157 ut
464 2097 663 2166 abjectis
696 2092 945 2147 miffilibus
977 2127 996 2150 ,
1067 2104 1134 2138 uo
1161 2081 1372 2134 celerias

70 2222 75 2234 ‚
103 2191 279 2227 manus
309 2143 619 2223 consererent
648 2204 663 2226 ‚
697 2162 986 2228 stringerent
1021 2169 1053 2222 g
1075 2151 1209 2204 adios
1235 2189 1253 2212 ,
1287 2166 1371 2202 va·-

104 2242 278 2295 dentes
311 2240 361 2290 in
392 2234 596 2288 hostem.
630 2235 879 2282 Romanus
909 2221 1084 2274 contr&
1102 2259 1115 2279 ,
1142 2233 1273 2268 nunc
1299 2230 1373 2266 te-

105 2308 187 2373 la,
220 2324 351 2362 nunc
387 2306 527 2364 saxa,
556 2299 738 2372 quibus
770 2311 856 2347 eos
891 2289 1071 2344 affatim
1101 2285 1242 2338 locus
1274 2283 1378 2352 ipse

173 2455 189 2490 ς
221 2441 304 2493 Nisi
330 2439 400 2478 duo
428 2434 644 2493 confecerint
664 2431 716 2470 le·
816 2421 844 2465 '6
858 2428 960 2464 'Non
985 2421 1198 2463 renunciata
1227 2415 1376 2466 altero}

109 2496 246 2551 gitima
266 2493 481 2548 fieffiagia]
525 2486 610 2530 Nisi
639 2487 717 2525 duo
772 2481 911 2523 Altero
928 2506 939 2525 ,
959 2480 1026 2531 qui
1055 2473 1221 2515 confecit
1246 2470 1378 2522 legiti-

113 2548 226 2604 plene
290 2546 515 2598 consequuti
578 2540 721 2581 fuerint
774 2548 840 2574 ma
869 2529 1054 2583 suffragia
1082 2557 1095 2577 ,
1138 2538 1219 2565 uon
1249 2535 1383 2563 tamen

115 2618 206 2643 eum
224 2598 500 2653 suffragiorum
515 2605 725 2636 numerum
776 2587 1003 2627 renunciate
1021 2611 1037 2634 ‚
1069 2593 1151 2623 non
1185 2577 1383 2619 declarate

117 2660 186 2715 qui
215 2658 296 2710 lege
317 2653 557 2709 praescriptus
580 2648 647 2689 est.
780 2640 950 2685 censore·
