1680 3110
333 155 424 227 '94
713 151 789 215 T.
877 158 1246 229 L-1v11

114 243 213 284 nc,
228 257 311 291 392
333 232 457 296 jecta
489 232 648 284 oculis
667 274 681 296 ,
703 234 840 289 fimul
862 246 1159 298 verecundia
1182 253 1617 330 misericordidque

117 296 310 341 a.0.3‹7.
333 299 543 349 militem
579 303 930 358 accendebant.
979 314 1157 380 Magna
1197 321 1445 394 utrimque
1483 329 1617 380 edita

89 1993 282 2036 U·c.396.

89 2044 179 2080 a.C⁴
199 2049 281 2085 356·

132 2090 191 2127 M.
212 2092 283 2126 Po-

89 2134 207 2180 pillio
237 2164 248 2182 ,

86 2185 284 2268 lcalvian-

105 2232 146 2269 io
160 2229 266 2275 Coff.

330 366 460 415 caede
485 405 500 428 ,
525 367 780 422 avertitur'
798 374 990 428 tandem
1025 381 1153 432 acies
1183 386 1457 446 Gallorum.
1495 395 1616 465 fuga

328 432 485 483 Tibur
506 471 520 493 ‚
547 446 568 469 2
590 435 713 488 ficut
735 457 897 494 arcem
919 444 1033 496 belli
1063 449 1274 515 Gallici,
1304 473 1479 524 petunt
1499 482 1509 513 ε
1533 481 1613 532 pa-

326 498 416 549 lati
442 500 467 549 a
491 504 691 555 consule
715 508 936 561 Poetelio
959 512 1092 565 haud
1113 521 1288 585 procul
1312 525 1496 580 Tibure
1521 547 1614 581 ex-

327 568 461 625 cepti
481 607 494 629 ‚
516 573 709 636 egressis
740 574 800 625 ad
826 595 972 646 opem
1001 579 1252 638 ferendam
1280 591 1574 647 Tiburtibus
1593 633 1610 660 ,

328 627 468 684 simul
490 653 605 688 cum
626 639 703 691 his
721 640 845 693 intra
868 661 1034 713 portas
1052 655 1435 722 compelluntur,
1463 666 1612 732 Egre-

327 700 411 767 gie
451 721 607 771 quum
640 707 700 757 ab
736 709 974 763 dic'tatore
1008 753 1023 775 ‚
1066 731 1172 768 tum
1206 723 1265 772 ab
1301 728 1500 780 consule
1531 748 1611 784 res

318 767 458 838 'gesta
484 771 565 822 est.
592 775 653 824 Et
676 777 845 828 consul
869 778 990 830 alter
1012 783 1180 836 Fabius
1201 790 1376 858 praeliis
1397 796 1610 866 primum

365 838 491 888 arvis
519 877 535 899 ,
575 841 820 908 postremo
860 846 955 896 unfi
995 849 1166 918 infigni
1204 860 1366 925 pugna
1393 900 1409 922 ,
1449 882 1607 932 quum

324 852 487 954 iiostes
524 909 642 958 totis
671 909 828 960 adorti
861 915 1018 980 copiis
1048 918 1227 984 estent,
1252 928 1496 981 Hernicos
1521 932 1608 984 de-

319 969 464 1021 vicit.
503 973 731 1026 Distator
768 981 1051 1033 consulibus
1088 986 1139 1037 in
1177 990 1346 1045 senatu
1385 998 1436 1047 δε
1473 999 1604 1067 apud

320 1037 564 1105 populum
607 1043 864 1111 magnifice
914 1048 1206 1106 collaudatis
1248 1099 1261 1119 ,
1314 1064 1366 1112 δε
1411 1065 1603 1119 suarum

321 1121 527 1174 quoque
558 1126 720 1161 rerum
752 1111 846 1163 illis
874 1117 1064 1168 remisso
1098 1120 1288 1176 honore
1312 1167 1328 1188 ,
1359 1128 1603 1185 distaturfi.

319 1172 368 1221 se
392 1172 652 1228 abdicavit.
677 1179 923 1232 Poetelius
945 1182 1005 1234 de
1031 1187 1186 1239 Gallis
1207 1193 1601 1268 Tiburtibusque

317 1239 572 1306 geminum
609 1244 914 1315 triumphum
943 1251 1056 1319 egit.
1094 1256 1240 1307 Fabio
1269 1261 1377 1313 satis
1410 1265 1600 1330 visum,

316 1321 373 1356 ut
394 1325 546 1358 ovans
570 1311 742 1362 urbem
763 1315 922 1368 iniret.
955 1320 1164 1374 Irridere
1187 1326 1390 1379 Poetelii
1414 1333 1597 1384 trium-

312 1373 470 1440 phum
504 1376 736 1429 Tiburtes
761 1400 771 1431 :
795 1385 885 1432 Ubi
915 1389 1036 1436 enim
1058 1408 1159 1439 eum
1183 1395 1338 1457 secum
1366 1402 1466 1449 acie
1492 1421 1595 1451 con-

297 1442 466 1507 flixiffle
489 1445 513 1491 ‚²
537 1449 811 1512 speciato'res
836 1465 1006 1517 pancos
1023 1458 1153 1522 fhgae
1187 1466 1598 1535 trepidationisque

312 1509 589 1567 Gallorum,
615 1531 741 1564 extra
767 1532 925 1583 portas
956 1526 1172 1590 egreffbs,
1202 1531 1438 1597 postquam
1469 1537 1519 1583 in
1541 1540 1598 1601 [ὲ

310 1579 614 1642 quoquefieri
633 1583 851 1649 impetum
880 1589 1088 1639 viderint
1103 1628 1118 1649 ,
1151 1594 1209 1647 ὠ
1221 1596 1322 1661 stne
1355 1602 1594 1664 discrimi-

306 1659 362 1690 ne
395 1645 554 1693 obvios
587 1651 700 1697 caedi
728 1686 743 1706 ,
784 1655 987 1720 recepiffe
1009 1661 1062 1720 se
1097 1662 1222 1709 intra
1259 1667 1431 1716 urbem.
1475 1676 1594 1720 Eam

304 1727 403 1758 rem
436 1714 664 1781 triumpho
693 1719 881 1784 dignam
903 1724 1053 1786 vistim
1076 1731 1289 1778 Romanis
1310 1733 1334 1779 ἓ
1355 1740 1426 1782 Ne
1448 1738 1592 1787 nimis

302 1779 475 1827 mirum
510 1799 816 1851 magnumque
852 1792 1107 1852 censerent,
1135 1796 1383 1848 tumultum
1416 1805 1589 1854 exciere

303 1846 354 1893 in
395 1848 581 1909 hostium
609 1855 761 1916 portis
784 1889 800 1909 ‚
836 1863 1049 1915 majorem
1082 1862 1200 1927 ipsbs
1236 1870 1588 1934 trepidationem

305 1929 410 1961 ante
445 1918 608 1964 maenia
630 1921 719 1981 sua
755 1922 954 1984 visuros.

371 1982 502 2031 XII.
541 1986 716 2053 Itaque
752 1985 1027 2056 insequenti
1062 2011 1225 2058 anno,
1260 2003 1330 2050 Μ,
1369 2002 1586 2070 Popillio

306 2048 493 2097 Laenate
509 2087 522 2109 ‚
541 2052 638 2100 Cn.
669 2054 853 2104 Manlio
878 2058 1159 2111 consulibus
1175 2103 1187 2123 ‚
1211 2065 1369 2131 primo
1393 2067 1585 2121 silentio

305 2115 461 2165 noftis
486 2116 543 2165 ab
567 2117 752 2170 Tibure
775 2123 964 2189 agmine
986 2125 1159 2179 infesto
1183 2133 1389 2199 profesti
1414 2134 1474 2184 ad
1498 2155 1583 2187 ur-

304 2180 414 2233 bem
458 2186 661 2236 Romam
703 2205 958 2240 venerunt.
1000 2207 1236 2246 terrorem
1279 2201 1480 2268 repente
1520 2221 1607 2256 ex*

299 2250 470 2301 somno
504 2254 729 2304 excitatis
759 2257 914 2307 subita
944 2276 1019 2308 res
1048 2263 1098 2310 δε
1125 2264 1396 2319 nocsturnus
1428 2287 1582 2336 pavor

298 2318 506 2387 praebuit
530 2337 541 2370 τ
566 2320 625 2370 ad
653 2321 752 2372 hoc
787 2324 1059 2376 multorum
1089 2328 1277 2382 inscitia
1296 2373 1311 2394 ‚
1349 2336 1467 2403 qui,
1495 2354 1583 2389 aut

296 2385 427 2436 unde
462 2386 622 2437 hostes
653 2389 965 2444 advenissent.
1002 2396 1384 2452 Conclamatum
1413 2419 1575 2455 tamen

292 2452 525 2505 celeriter
545 2457 605 2507 ad
628 2474 756 2508 arma
773 2457 866 2521 est,
892 2463 942 2510 δε
964 2478 1115 2528 portae
1136 2464 1422 2521 stationibus
1435 2509 1450 2533 ‚
1469 2488 1573 2524 mu-

346 2625 365 2649 2
399 2614 503 2654 Sicut
519 2631 639 2656 arcem
660 2617 749 2658 belli
772 2619 938 2673 Gallici,
956 2633 1118 2681 petunt]
1141 2630 1285 2671 Melius
1304 2658 1319 2679 ,
1336 2629 1432 2684 ficut
1452 2644 1571 2672 arcem

286 2664 403 2715 belli,
433 2669 542 2709 Galli
564 2683 710 2725 petunt.
