1680 3110
58 210 250 254 U.c.368.

288 133 363 175 10
650 102 728 178 T.
813 116 864 179 L
908 137 931 180 1
976 140 1019 182 v
1063 142 1088 180 1
1133 140 1155 182 1

280 212 484 265 regnum
516 197 677 251 rediit.
715 200 983 270 interreges
1019 199 1282 273 deinceps,
1312 205 1381 257 M.
1419 208 1556 258 Man-

59 258 251 304 a.c.384.
279 263 374 315 lius
413 265 753 334 CapitolinuS,
789 269 891 319 Ser.
930 268 1180 335 Sulpicius
1217 272 1509 324 Camerinus
1533 309 1561 333 ,

82 417 122 451 ἶ..
138 413 248 460 Papi-

55 464 119 500 rio
134 486 144 503 ‚
170 465 246 503 &c-

56 510 124 550 Tr.
139 509 231 551 Mil.

48 1428 239 1471 U.c.369.

47 1478 134 1512 a.C.
154 1477 239 1520 383.

83 1524 143 1560 M.
170 1525 239 1559 Fu·

48 1570 111 1606 rio
143 1574 215 1608 Ca-

46 1615 163 1656 millo
191 1622 239 1659 V.

50 1667 130 1704 &c.
168 1670 236 1707 Tr.

48 1710 142 1754 Mil.

279 336 334 384 L.
368 330 594 383 Valerius
630 334 843 386 Potitus.
883 337 979 386 Hic
1007 336 1202 404 demum
1242 338 1556 390 tribunorum

278 399 491 449 militum
518 400 759 452 consulari
787 402 1024 472 potestate
1050 404 1250 455 comitia
1275 404 1465 458 habuit.
1495 410 1555 457 L.

278 465 525 535 Papirium
549 506 564 529 ,
607 470 670 518 C.
715 470 1043 532 Cornelium,
1080 473 1145 525 C.
1191 471 1412 539 Sergium
1436 467 1461 533 ,’
1493 476 1551 524 L.

275 533 751 596 AEmiliumiterum,
783 541 834 588 L.
867 539 1181 600 Menenium,
1210 545 1264 590 L
1298 537 1556 590 Valerium*

270 600 577 670 Poplicolam
615 601 816 670 tertium
854 620 988 656 creat
1025 645 1037 656 .
1071 604 1122 655 hi
1166 623 1227 657 ex
1262 605 1556 673 interregno

272 667 604 735 magistratum
625 686 909 741 occoepere.
954 671 1032 722 ΕΟ
1057 689 1184 723 anno
1205 671 1327 724 aedes
1348 677 1518 723 Martis
1535 711 1555 734 ‚

269 734 468 785 Gallico
496 735 628 786 bello
661 753 807 799 vota,
837 738 1060 789 dedicata
1099 739 1166 789 est
1191 739 1218 789 a
1244 746 1303 790 T.
1332 739 1557 804 Quintio

269 802 500 855 dumviro
525 804 666 855 sacris
695 804 953 857 faciundis,
984 806 1162 858 Tribus
1185 820 1399 875 quatuor
1433 815 1456 849 5
1487 823 1556 858 ex?

269 869 413 921 novis
437 870 627 922 civibus
648 871 848 936 additae3
869 874 889 907 ⁶
909 872 1185 933 Stellatina,
1204 873 1551 935 Tromentina.

268 936 529 999 Sabatina,
558 939 860 989 Nax-niensis:
892 958 1055 1009 eaeque
1080 952 1102 983 7
1127 939 1303 1008 viginti
1326 940 1558 1009 quinque.

271 1004 492 1055 tribuum
511 1011 772 1057 numer'um
793 1007 1071 1077 explevere.

336 1075 426 1124 VI.
456 1075 533 1122 De
571 1090 592 1122 a
633 1091 686 1123 ro
709 1076 974 1143 Pomptino
1007 1074 1066 1125 ab
1101 1077 1156 1125 L.
1186 1073 1370 1124 Sicinio
1393 1072 1555 1124 tribu-

269 1155 336 1188 no
376 1138 531 1208 plebis
564 1088 723 1190 agrum
754 1140 811 1191 ad
841 1141 1230 1209 frequentiorem
1258 1141 1349 1205 jam
1387 1158 1553 1210 popu-

269 1204 373 1255 lum
388 1244 403 1266 ,
423 1206 833 1277 mobilioremque
856 1207 914 1259 ad
939 1208 1259 1278 cupidi-tatem
1278 1206 1380 1271 agri
1399 1208 1554 1275 quam

269 1271 448 1324 fuerat.
483 1274 544 1323 Et
582 1273 642 1324 de
683 1276 854 1326 Latino
891 1275 1210 1342 Hernicoque
1249 1269 1382 1326 bello
1408 1291 1551 1325 men-

270 1339 341 1389 tio
376 1339 502 1391 facia
536 1340 583 1390 in
622 1343 821 1402 senatu,
857 1342 1051 1408 majoris
1079 1342 1197 1392 belli
1227 1341 1370 1401 cura,
1408 1340 1556 1409 quod⁴

267 1408 459 1458 Etruria
492 1407 540 1457 in
577 1409 721 1459 armis
751 1424 855 1459 erat
878 1449 891 1469 ‚
927 1409 1073 1460 dilata
1110 1408 1193 1458 est.
1228 1411 1321 1457 Res
1363 1407 1428 1459 ad
1449 1408 1550 1460 Ca-

269 1474 458 1525 millum
489 1475 742 1527 tribunum
774 1476 986 1526 militum
1014 1476 1254 1527 consulari
1286 1475 1551 1544 protestate

271 1542 430 1594 rediit.
466 1541 666 1611 collegae
683 1542 836 1594 additi
854 1544 1075 1612 q‘uinque
1097 1583 1108 1602 ‚
1146 1548 1247 1593 Ser.
1280 1543 1551 1595 Cornelius

269 1608 647 1677 Maluginenfi5‚
703 1613 773 1674 Q.
819 1610 1052 1662 Servilius
1089 1608 1288 1660 Fidenas
1325 1607 1550 1673 sextum,-

267 1680 319 1728 L.
356 1677 597 1741 Quintius
619 1676 980 1739 Cincinnatu5‚
1017 1682 1067 1727 L.
1098 1676 1333 1727 Horatius
1362 1676 1552 1730 Pulvil-

265 1744 372 1808 lus»,
410 1745 465 1797 P.
503 1742 743 1796 Valerius,
775 1744 1027 1815 Principio
1063 1744 1174 1795 anni
1211 1745 1383 1797 averfae
1419 1761 1554 1812 curae

263 1879 384 1933 spicia
400 1880 601 1933 interregis
616 1895 628 1928 3
648 1881 687 1919 ὃ(
702 1879 815 1919 nulla
833 1893 878 1918 ex
933 1879 1099 1918 Etruria..
1125 1879 1364 1917 Tromentina
1375 1910 1386 1928 ,
1401 1877 1425 1918 εὶ
1439 1883 1545 1918 Tro-

260 1945 372 1988 parte
386 1934 606 1986 pendebant
630 1935 682 1972 ab
699 1935 876 1987 auspiciis

263 1988 566 2042 magistratuum
607 1990 697 2026 anni
734 2001 877 2041 praece-

263 2042 389 2081 dentis
408 2057 417 2079 :
439 2044 478 2082 ὃ(
502 2039 527 2079 fi
551 2042 646 2094 quid
669 2045 708 2080 in
728 2043 789 2080 his
812 2043 874 2080 vi-

261 2098 307 2134 tii
336 2093 455 2142 effer,
484 2096 586 2133 nih-11
616 2095 666 2133 ad
695 2095 766 2134 illa
796 2095 874 2135 hoc

261 2152 405 2191 vitium
430 2152 621 2203 pertinere
645 2161 813 2200 poterat.

320 2216 336 2249 5
362 2206 426 2241 Ex
442 2203 555 2242 novis
574 2202 720 2242 civibus
737 2209 753 2254 ]
776 2201 870 2244 Vid.

259 2256 377 2310 supra
399 2271 433 2297 c.
462 2270 503 2305 4.
676 2283 683 2288 ·

315 2319 338 2348 6
356 2309 556 2349 Stellatina
573 2335 584 2354 ‚
606 2309 840 2349 Tromentina
855 2316 872 2361 ]

255 2364 463 2404 Stellatina
495 2363 619 2402 tribus
653 2364 703 2403 ab
742 2377 870 2416 agro,

256 2418 333 2458 five
347 2431 491 2471 campo
501 2416 657 2456 stellare
673 2417 773 2457 dista
790 2417 843 2456 est
853 2446 866 2466 ,

255 2485 338 2510 non
351 2485 397 2510 eo
409 2474 476 2525 qui
491 2473 530 2510 in
546 2475 763 2524 Campania
775 2500 786 2520 ‚
801 2471 866 2510 fed

252 2538 300 2565 eo
326 2528 393 2578 qui
421 2530 464 2564 in
489 2527 640 2564 Etruria
666 2525 740 2564 fuit
764 2528 867 2565 inter

251 2584 449 2630 Gapenam
467 2581 506 2617 &
527 2582 657 2620 Veios.
675 2578 790 2618 Sabat
799 2582 869 2618 ina

248 2633 273 2672 a*
290 2633 427 2673 Sabate
443 2633 555 2682 lacu,
577 2636 644 2686 qui
666 2633 804 2673 itidem
820 2635 869 2673 in.

931 1946 1066 1972 mento
1092 1945 1250 1984 campo.
1293 1937 1385 1971 Haec
1409 1936 1546 1973 omnia

931 1986 1107 2026 constant
1126 1999 1172 2025 ex
1192 1984 1309 2024 Festo.
1346 1987 1542 2025 Tromen-

929 2052 1015 2080 turn
1041 2051 1226 2092 campum
1251 2038 1391 2078 volunt
1417 2039 1547 2093 &¹1'p-·

929 2096 1013 2134 sum
1049 2098 1089 2133 in
1128 2095 1280 2132 Etruria
1313 2090 1441 2132 fuisse.
1481 2098 1542 2133 De

927 2151 1088 2188 nomine
1108 2148 1292 2200 sequentis
1309 2146 1433 2186 tribfis
1449 2160 1538 2186 am—

929 2202 1091 2256 bigitur.
1148 2200 1387 2250 Narniensem
1426 2200 1499 2240 alii
1520 2229 1538 2250 ‚

927 2257 997 2296 alii
1025 2252 1254 2305 Arniensem
1275 2253 1350 2306 legi
1370 2255 1538 2294 volunt:

929 2312 969 2350 8(
991 2323 1079 2350 eam
1107 2308 1167 2346 illi
1197 2307 1356 2360 quidem
1381 2306 1404 2347 ὲ
1428 2311 1539 2348 Nar-

924 2366 988 2403 nia
1020 2363 1198 2404 Umbria:
1225 2376 1248 2399 o
1276 2361 1396 2413 pido,
1416 2362 1457 2400 hi
1484 2362 1541 2401 ab

925 2421 1036 2457 Arno
1060 2418 1220 2456 Etrutiae
1274 2417 1366 2455 uvio
1389 2415 1542 2456 dictam,

922 2470 995 2511 effe
1018 2470 1250 2511 existimant.

959 2539 982 2572 7
1000 2524 1148 2579 Viginti
1163 2524 1326 2578 quinque
1339 2523 1500 2567 tribuum
1511 2529 1542 2576 1

919 2579 1009 2622 Vid.
1034 2576 1149 2633 supra
1169 2581 1221 2617 11.
1241 2587 1312 2618 at.
