1680 3110
271 127 407 206 246
682 126 758 188 T.
848 128 902 188 L
950 151 977 188 1
1023 146 1066 190 v
1112 152 1138 190 1
1191 152 1218 192 1

54 209 150 247 U·c·
165 220 252 255 434
274 210 434 260 clusos
453 207 479 258 a
502 208 865 259 commeatibus
886 211 1223 278 absumpfiffet.
1245 223 1261 256 ³
1282 213 1410 266 Tum
1429 226 1557 284 quest*

51 295 56 297 ’
87 285 251 349 ’1)αῇνίκρ
275 294 373 346 que
405 275 656 346 profectos
681 275 794 325 inde
820 276 879 326 ad
899 280 1152 328 Luceriam
1176 280 1313 345 juxta
1336 283 1559 333 obfiden-

59 350 182 394 obfides
277 360 352 395 tes
387 340 690 411 obsessosque
723 343 887 411 inopia
909 345 1123 396 vexavit.
1148 348 1309 399 omnia
1331 350 1388 399 ab
1407 350 1560 418 Arpis

59 403 171 484 ᾗζζζ·
275 409 508 462 Romanis
542 407 1012 476 suppeditabantur:
1047 412 1266 463 ceterum
1305 414 1428 466 adeo
1459 417 1558 467 exi-

153 477 165 491 ‘
271 476 397 545 gue,
425 490 479 526 ut
504 476 646 525 militi
683 494 933 544 occupato
958 478 1246 531 stationibus
1281 481 1562 551 vigiliisque

269 548 322 595 δε
359 560 536 612 opere,
580 560 733 612 eques
773 543 1011 596 folliculis
1047 547 1095 597 in
1135 546 1284 597 castra
1321 550 1380 597 ab
1412 550 1562 618 Arpis

268 610 581 663 {rumentum
630 610 872 670 veheret-‚
908 613 1154 664 interdum
1203 617 1412 666 occursu
1453 617 1568 667 hos-

269 678 400 729 tium
436 693 732 746 cogeretur,
778 678 968 743 abjecto
1012 697 1072 730 ex
1105 698 1238 748 equo
1269 682 1520 734 frumento
1541 721 1561 745 ,

270 759 511 814 pugnare.
544 755 567 785 4
600 749 660 795 Et
684 745 878 795 obseffis
899 785 912 805 ,
937 747 1218 815 priusquam
1247 748 1370 799 alter
1391 750 1565 801 consul

274 812 467 864 victore
487 812 707 863 exercitu
729 812 948 873 advenit,
964 816 1013 863 δέ
1027 831 1332 865 commeatus
1348 833 1405 866 ex
1425 834 1566 867 mon-

274 879 414 930 tibus
443 879 737 930 Samnitium
772 879 954 931 inveffi
987 895 1125 930 erant
1149 920 1163 942 ‚
1189 885 1240 932 &
1276 882 1453 933 auxilia
1488 885 1562 935 in-

272 945 508 997 tromissa.
558 945 783 996 Arctiora
819 947 980 997 omnia
1003 947 1242 999 adventus
1266 948 1466 1000 Publilii
1490 950 1568 1010 fef

274 1014 350 1064 cit
372 1052 387 1075 ,
414 1015 501 1082 qui
524 1012 776 1064 obfidione
809 1013 1031 1081 delegata
1062 1014 1111 1063 in
1135 1033 1303 1066 curam
1327 1016 1562 1084 collegae5

272 1097 468 1133 vacuus
496 1098 581 1151 per
617 1096 759 1149 agros
793 1081 969 1132 cuncta
1000 1081 1169 1132 infesta
1204 1086 1569 1136 commeatibus
1616 1142 1619 1143 ⁷

273 1147 496 1199 hostium
522 1147 722 1199 fecerat.
763 1152 940 1215 Itaque
1004 1167 1122 1200 uum
1148 1150 1252 1218 spes
1283 1150 1415 1202 nulla
1450 1150 1569 1204 esset

272 1215 466 1266 diutius
497 1213 706 1266 obsessos
736 1215 952 1283 inopiam
999 1231 1200 1276 aturos;
1228 1217 1388 1268 coacti
1427 1223 1569 1270 Sam·

274 1283 439 1344 nites,
466 1282 552 1350 qui
591 1283 650 1332 ad
684 1283 940 1333 Luceriam
973 1282 1121 1333 castra
1152 1283 1433 1346 habebant,
1469 1303 1566 1336 un-

272 1350 432 1419 dique
477 1349 741 1402 contrastis
790 1349 979 1402 viribus
1021 1348 1152 1417 figna
1206 1366 1323 1402 cum
1366 1352 1567 1421 Papirio

275 1415 528 1469 conferre.

346 1488 479 1535 XIV.
516 1486 615 1535 Per
644 1483 695 1534 id
728 1498 922 1549 tempus
950 1481 1235 1551 parantibus
1273 1483 1494 1555 utrisque
1520 1487 1568 1538 se

273 1551 340 1605 ad
365 1550 613 1619 praelium,
644 1551 792 1619 legati
818 1549 1070 1601 Tarentini
1092 1549 1458 1614 interveniunt,
1480 1553 1571 1606 de-

274 1618 572 1672 nunciantes
593 1618 893 1670 Samnitibus
920 1618 1246 1686 Romanisque
1261 1658 1277 1679 ‚
1303 1634 1360 1669 ut
1381 1620 1570 1672 bellum

274 1686 584 1739 omitterent.
624 1692 709 1736 Per
729 1702 851 1735 utros
860 1686 1051 1751 stetzffet
1068 1722 1082 1742 ,
1102 1688 1343 1752 quominus
1365 1690 1569 1751 discede-

276 1770 408 1805 retur
429 1756 484 1803 ab
508 1756 653 1803 armis
676 1790 692 1811 ,
719 1750 942 1802 adversim
971 1770 1042 1800 eos
1070 1754 1120 1815 st?
1151 1766 1236 1818 pro
1258 1752 1423 1803 alteris
1441 1769 1570 1822 pug-

277 1839 484 1872 naturos.
523 1820 590 1871 Ea
623 1820 869 1887 legatione
895 1817 1121 1887 Papiriud
1147 1818 1313 1870 audita
1333 1859 1347 1881 ,
1368 1821 1573 1888 perinde

277 1905 340 1941 ac
375 1904 542 1939 motus
574 1885 718 1938 dictis
753 1904 926 1938 eorum
949 1924 963 1946 ,
991 1903 1105 1936 cum
1133 1885 1322 1954 collega
1353 1889 1398 1938 se
1433 1905 1573 1940 com·
1639 1931 1641 1933 ,

281 1956 657 2008 municaturum
692 1954 973 2023 respondit:
1012 1952 1276 2021 accitoque
1313 1971 1375 2005 eo
1416 1974 1574 2023 quum

281 2037 479 2092 tempus
502 2040 646 2073 omne
672 2022 722 2072 in
747 2035 979 2090 apparatu
1005 2019 1391 2089 consumpsisset,
1411 2022 1571 2074 collo-

284 2104 435 2141 cutus
459 2089 520 2141 de
555 2107 606 2140 re
628 2089 761 2141 haud
787 2088 961 2149 dubia,
995 2098 1010 2122 ¹
1046 2086 1231 2154 signum
1261 2103 1435 2157 pugnae
1456 2108 1573 2158 pro-

284 2157 468 2227 posuit.
528 2156 810 2226 Agentibus
851 2155 1018 2210 divina
1065 2155 1377 2225 humanaque
1398 2195 1416 2218 ‚
1465 2173 1574 2226 quae

348 2332 364 2367 3
413 2319 509 2357 Tum
552 2324 726 2374 quoque]
776 2322 906 2373 Atque
958 2318 1172 2373 Postquam
1202 2319 1264 2359 vde
1310 2316 1575 2359 obsidentibus

288 2372 409 2413 etiam
437 2373 552 2421 licet,
579 2385 620 2412 ut
651 2371 773 2411 modo
806 2373 903 2412 dixi-
960 2373 1111 2413 locutus
1144 2373 1196 2413 est
1231 2375 1358 2414 Livius
1383 2401 1397 2422 ,
1435 2371 1574 2415 transit

288 2441 375 2467 mus
393 2457 403 2474 ,
435 2430 542 2479 regio
562 2427 630 2465 ill-a
650 2425 727 2465 fida
748 2441 826 2466 non
844 2429 901 2466 es·
960 2428 1011 2466 ad
1038 2424 1224 2468 obseffos.

287 2483 343 2520 set
373 2481 639 2529 Samnitibus,
672 2480 733 2520 sed
764 2494 903 2534 pacata

287 2538 496 2576 Romanis.
1006 2548 1020 2574 1
1043 2537 1193 2590 Signum
1205 2540 1366 2592 pugnae]
1383 2532 1576 2573 Tunicam

343 2604 368 2637 4
412 2592 457 2626 Et
493 2588 664 2642 ohseffis]
706 2591 901 2629 Particula
960 2603 1212 2642 purpuream.
1243 2589 1335 2632 vid.
1358 2600 1442 2629 not.
1469 2600 1507 2627 2..
1529 2586 1583 2628 ad

293 2645 345 2688 (φ
365 2642 471 2683 obest
487 2643 757 2700 potiusgquclm
774 2647 900 2698 juvat.
958 2657 994 2685 c.
1018 2656 1081 2685 12..
1104 2644 1135 2690 l,
1161 2648 1231 2687 VI.
1392 2664 1395 2669 i

1676 935 1680 943 t
1649 634 1680 910 ⁷:..-isss-‘aext.''-.¹.''⁴2-.1
1673 608 1680 618 ,ι
1668 539 1680 570 ;,
1659 502 1665 505 “
1668 379 1680 478 memava
1671 356 1677 363 ι
1651 264 1678 316 :wae'
