1669 3052
388 120 442 181 L
485 137 584 190 1ss
622 135 660 179 Ε
701 137 740 181 R
833 114 997 184 VII.
1222 125 1352 197 '145²

30 205 32 207 ’
62 203 292 270 Δῑεηπιβιίιηη
315 205 539 267 vestrum,
566 208 692 261 cujus
721 201 858 250 dubia
887 196 1179 266 auspicioque
1192 203 1348 266 priore
1381 208 1572 251 U·c.413.

71 291 186 325 ‚anno
218 273 292 319 bis
324 269 526 337 legiones
561 269 834 318 Samnitium
856 267 1078 332 fudistis,
1103 266 1177 313 bis
1204 268 1351 329 castra
1382 257 1570 298 ²‘C·³³’·

62 340 129 388 vi
157 338 351 404 cepistis.
387 344 482 404 Ego
501 338 606 400 sum
636 342 704 384 M.
738 333 951 384 Valerius
987 340 1192 389 Corvus,
1219 332 1351 382 mili-

70 420 170 460 tes,
193 409 320 463 cujus
341 423 422 452 vos
444 401 730 452 nobilitatem
753 402 984 466 beneficiis
1007 419 1116 467 erga
1134 419 1242 457 vos,
1265 419 1352 449 non

69 472 260 530 injuriis
279 505 294 525 ,
310 471 504 536 sensistis
522 488 543 529 ,·
566 467 743 516 nullius
766 470 970 581 suferbae
1002 469 1051 515 in
1082 486 1164 514 vos
1196 466 1350 534 legis,

71 536 250 586 nullius
278 535 477 586 crudelis
500 535 815 598 senatusconfit
839 536 879 582 ti
911 536 1067 583 auster
1085 552 1105 593 ‚·
1123 535 1173 582 in
1205 536 1355 583 omni-

71 605 155 653 bus
177 605 290 653 meis
313 603 523 670 imperiis
554 602 604 649 in
637 618 707 648 me
724 601 934 663 severior
955 636 970 656 ,
1005 602 1144 665 quam
1175 601 1224 648 in
1251 619 1355 651 vos.

75 677 144 718 Ac
160 671 235 736 ,si
266 672 342 718 cui
369 686 516 735 genus
534 667 608 733 ,fi
633 667 708 714 cui
725 668 812 730 fita
840 668 995 715 virtus
1016 701 1030 722 ,
1047 667 1096 732 st
1113 667 1191 716 cui
1214 670 1355 717 etiam

70 735 352 801 majestas‚fi
367 737 444 783 cui
461 737 642 783 honores
658 735 851 797 subdere
860 735 1061 799 spiritus
1074 747 1318 799 potuerunt
1332 754 1355 795 ;

38 803 135 863 „iis
165 820 288 851 eram
326 818 459 851 natus
489 836 505 858 ,
542 801 592 849 id
613 801 845 867 specimen
880 802 972 849 mei
1008 802 1217 850 dederam
1245 837 1261 858 ,
1300 803 1356 851 ed

9 897 13 902 ν
61 885 202 919 atate
226 867 505 934 consulatum
528 868 715 933 adeptus
734 884 856 915 eram
874 902 889 922 ,
912 883 964 915 ut
977 869 1206 932 potuerim
1226 904 1241 927 ,
1259 885 1354 918 tres

71 936 132 990 (θ’
166 937 349 1003 viginti
378 952 515 995 annos
546 949 679 982 natus
710 935 858 998 consul
874 969 891 990 ,
924 936 1140 982 Patribus
1177 953 1354 1002 quoque

59 1004 194 1069 ferox
230 1003 306 1070 effe
322 1037 338 1058 ,
363 1020 447 1050 non
469 998 622 1064 solum
651 998 795 1066 plebi.
832 1002 968 1065 Quod
999 1017 1146 1049 meum
1170 1004 1355 1066 facium

70 1072 305 1119 diffumve
333 1066 527 1132 consulis
550 1069 754 1133 gravius
770 1103 785 1126 ‚
809 1069 948 1133 quum
982 1069 1192 1124 tribuni,
1217 1071 1354 1118 audi-

54 1137 150 1200 stis
171 1135 190 1186 ἒ
211 1136 374 1184 Eodem
393 1150 541 1183 tenore
564 1136 646 1182 duo
673 1134 954 1199 insequentes
976 1133 1231 1196 consulatus
1246 1138 1351 1200 gest

55 1201 132 1268 fi,
159 1203 308 1252 eodem
342 1204 433 1250 lzaec
469 1201 710 1267 imperiosa
740 1202 971 1249 dift'atura
993 1217 1181 1266 geretur
1204 1223 1218 1250 .·
1245 1211 1265 1233 2
1300 1218 1353 1252 uc

69 1286 214 1335 neque
239 1271 290 1318 in
311 1271 387 1317 hos
410 1285 527 1317 meos
552 1267 609 1320 (9⁴
629 1268 794 1333 patriae
821 1285 926 1316 meae
958 1267 1135 1316 milites
1158 1270 1347 1327 mitior,

69 1339 208 1402 quum
227 1337 276 1385 in
292 1354 374 1384 vos
387 1371 403 1394 ,
423 1337 574 1384 horreo
596 1336 744 1384 dicere
759 1370 776 1391 ,
801 1334 953 1397 hostes.
976 1342 1095 1401 Ergo
1118 1355 1201 1384 vos
1214 1338 1353 1403 prius

68 1405 122 1453 in
143 1421 212 1452 me
225 1403 515 1466 strinxeritis
534 1402 741 1466 ferrum,
763 1403 902 1468 qudm
922 1403 972 1449 in
994 1421 1077 1450 vos
1096 1420 1193 1467 ego,
1216 1404 1350 1467 illinc

51 1469 191 1536 Jigna
226 1485 386 1519 canent
402 1503 418 1525 ,
443 1469 575 1532 istinc
614 1468 785 1517 clamor
816 1470 950 1535 prius
983 1470 1176 1536 incipiet
1210 1487 1350 1537 atque

62 1538 263 1604 impetus
281 1572 296 1597 ,
307 1535 355 1603 si
373 1537 682 1584 dimicandum
704 1536 779 1598 est.
807 1537 1013 1585 Inducite
1038 1539 1087 1584 in
1110 1538 1313 1586 animum
1329 1575 1347 1596 ,

68 1606 189 1670 quod
210 1622 295 1653 non
319 1604 592 1652 induxerunt
606 1616 764 1670 patres
787 1604 959 1670 avique
981 1603 1121 1666 vestri
1137 1621 1157 1664 ;
1178 1623 1261 1653 non
1284 1604 1345 1653 il-

38 1695 40 1697 ·
66 1671 111 1720 li
135 1706 152 1727 ,
192 1673 275 1737 qui
307 1672 357 1720 in
387 1676 570 1719 Sacrum
603 1685 795 1718 montem
811 1669 1108 1736 secefferunt,
1147 1689 1232 1720 non
1264 1674 1345 1729 hi,

63 1740 154 1804 qui
168 1739 317 1804 postea
339 1738 621 1785 Aventinum
646 1738 920 1801 insederunt.
958 1737 1219 1804 Exspei'iate
1239 1741 1347 1788 dum

68 1805 204 1852 vobis
220 1802 423 1871 fingulis
438 1839 454 1861 ,
477 1819 529 1852 ut
563 1802 673 1852 olim
710 1802 944 1852 Coriolano
961 1840 976 1860 ,
1000 1821 1167 1853 matres
1197 1812 1346 1866 conju-

63 1872 233 1937 gesque
255 1872 459 1921 crinibus
473 1870 611 1936 paffis
629 1872 774 1919 obviae
795 1872 851 1919 ab
872 1872 979 1919 urbe
1002 1873 1210 1923 veniant.
1229 1878 1346 1922 Tum

68 1937 324 2002 Volscorum
353 1936 554 2004 legiones
570 1972 585 1993 ,
617 1938 728 2003 quia
750 1944 994 1986 Romanum
1019 1940 1239 1989 habebant
1263 1943 1345 1989 du-

68 2023 193 2061 cem,
217 2007 494 2071 quieverunt
512 2025 526 2052 .·
551 2022 633 2051 vos
661 2010 884 2053 Romanus
912 2007 1133 2054 exercitus
1156 2026 1239 2056 non
1262 2010 1345 2057 de-

52 2073 278 2137 stiteritis
301 2073 442 2138 impio
466 2068 583 2120 bello
604 2070 630 2117 ?
651 2075 706 2119 Τ.
727 2072 900 2136 ‚Quinti
913 2106 929 2128 ,
955 2090 1220 2139 quocunque
1240 2076 1344 2139 istic

70 2137 164 2187 loco
185 2173 200 2195 ,
221 2140 305 2203 seu
334 2137 525 2195 volens,
544 2138 628 2201 seu
656 2139 872 2195 invitus,
905 2139 1137 2202 constitisti
1157 2178 1172 2198 ,
1196 2142 1244 2208 fi
1271 2144 1344 2191 di·-

67 2207 328 2255 micandum
350 2207 439 2254 erit
454 2241 470 2261 ,
506 2220 604 2253 tum
628 2219 678 2253 tu
702 2206 751 2253 in
772 2205 1026 2272 noviffimos
1049 2222 1094 2255 te
1117 2211 1309 2275 recipito
1327 2231 1344 2257 :

59 2273 245 2338 flageris
275 2273 414 2321 etiam
443 2272 663 2333 honestius
681 2307 697 2328 ,
720 2288 986 2338 tergumque
1009 2275 1111 2322 civi
1138 2278 1342 2332 dederis,

70 2340 208 2405 qudm
225 2340 508 2407 pugnaveris
531 2353 684 2387 contra
700 2341 922 2407 patriam.
948 2347 1081 2401 Nunc
1102 2345 1160 2390 ad
1174 2343 1346 2410 pacifi-

127 2470 150 2494 2
172 2461 234 2497 vt
248 2472 363 2514 neque
381 2459 420 2498 in
438 2457 506 2498 hos
520 2486 529 2497 .
546 2486 558 2497 .
574 2485 587 2497 ι
604 2459 678 2497 mi·
734 2471 842 2498 meos
864 2463 904 2500 &
922 2463 1057 2514 pattiae
1076 2474 1171 2501 meae
1202 2461 1348 2501 milites

0 2516 1 2519 ’
71 2511 170 2561 tior]
187 2513 431 2563 suspicamur
448 2511 512 2552 h‘ic
528 2512 680 2564 aliquid
734 2515 870 2553 mitior
892 2515 1044 2554 futurus
1072 2514 1142 2554 fim
1157 2544 1170 2564 ,
1189 2516 1252 2555 vel
1280 2516 1346 2555 fu-

67 2564 206 2611 mendi
224 2563 382 2605 subesse.
404 2567 534 2605 Sensus
551 2578 679 2618 patet:
734 2579 822 2606 tura
844 2567 888 2607 fit
909 2570 993 2608 haec
1018 2569 1209 2608 diiiatuta
1226 2583 1349 2622 quam

72 2621 127 2658 ita
170 2631 210 2657 ut
250 2631 297 2657 ne
338 2622 380 2658 in
413 2621 486 2660 hos
524 2618 683 2674 quidem
735 2633 855 2674 gero,
877 2624 998 2677 quam
1017 2625 1060 2664 in
1073 2636 1188 2664 vos...
1206 2623 1351 2665 hostat.

155 2676 282 2724 Tem.
309 2680 374 2725 ΙΙ.
1100 2679 1149 2727 G
