1680 3110
290 170 427 237 ”2'66
681 162 1223 226 T0L1V11

83 257 482 325 u;c‚440,ginqua
501 289 518 314 ,
547 264 633 302 aut
672 260 887 318 praeceps
925 242 1150 314 periculo
1183 239 1388 294 victoria
1429 225 1587 300 effet3⁵
1602 252 1617 267 ³

84 329 279 368 2'·C·³¹2·
302 330 516 375 Soranus
551 313 807 382 transfuga
837 320 963 363 clam
993 311 1053 362 ei<
1077 309 1264 379 oppido
1294 304 1545 376 profec'ius
1564 342 1581 364 ,
1647 300 1680 354 ,’

85 374 281 470 Ιρῗζζαὲἷζ
305 407 461 458 quum
500 384 560 436 ad
596 381 773 451 vigiles
816 383 1064 430 Romanos
1107 373 1428 446 penetraffet,
1463 369 1585 424 duci

89 481 158 511 cur.
305 460 352 510 se
385 451 636 520 extemplo
670 448 731 500 ad
760 446 984 499 consules
1021 444 1187 509 jubet,
1217 441 1590 507 deductusque,
1667 435 1670 438 ’

306 521 605 574 traditurum
628 517 803 568 urbem
824 513 1088 584 promittit.
1106 508 1378 564 Visusinde
1399 509 1591 574 (quum

338 602 530 642 'uonam
569 583 721 636 modo
755 583 805 634 id
839 580 1142 651 praestaturus
1177 576 1293 628 effet
1321 613 1338 638 ‚
1379 589 1590 642 percun-

305 609 496 711 {antes
519 651 762 726 doceret)
800 647 934 701 haud
968 665 1090 699 vana
1119 644 1288 696 afferre
1305 639 1554 713 ‚perpulit
1571 659 1593 700 ,-

306 730 466 795 prope
512 719 744 788 adjuncta
795 714 1049 768 moenibus
1086 716 1303 764 Romana
1343 709 1491 759 castra
1533 720 1594 758 ut

308 795 394 846 sex
421 789 574 842 millia
592 788 651 839 ab
671 785 856 856 oppido
878 795 1248 835 removerentur
1268 797 1280 830 ε
1302 781 1406 844 fore
1425 791 1475 825 ut
1496 777 1592 824 mi-

302 864 400 925 nias
433 862 619 909 intentae
648 857 699 905 in
737 854 980 917 custodiam
1013 851 1144 899 urbis
1184 849 1357 897 diurnae
1370 844 1596 908 stationes

311 948 369 981 ac
404 927 630 976 noffurnae
651 920 841 989 vigiliae
879 919 1026 986 effent.
1066 916 1173 984 lpse
1210 908 1486 980 insequenti
1510 922 1598 959 no-

313 995 393 1047 cie
429 992 516 1045 sub
549 988 734 1059 oppido
771 984 1081 1054 sylvestribus
1139 981 1264 1032 locis
1306 973 1619 1029 cohortibus

314 1060 522 1114 insidere
556 1057 718 1125 juffis,
750 1055 925 1106 decem
968 1051 1150 1103 milites
1187 1046 1406 1098 delectos
1434 1044 1602 1094 secum

318 1147 408 1200 per
438 1126 588 1179 ardua
618 1141 674 1177 ac
692 1139 846 1193 prope
867 1118 997 1173 invia
1024 1119 1074 1170 in
1098 1133 1260 1169 arcem
1294 1111 1434 1163 ducit
1449 1133 1464 1172 3
1490 1108 1603 1176 plu-

320 1198 460 1250 ribus
479 1194 630 1263 quam
660 1209 752 1261 pro
771 1206 977 1241 numero
997 1187 1221 1238 virorum
1252 1178 1504 1232 miffilibus
1528 1190 1605 1227 te-

320 1265 383 1318 lis
414 1262 477 1314 eo
510 1260 720 1312 collatis,
761 1256 844 1308 Ad
873 1257 976 1307 haec
999 1255 1107 1305 saxa
1130 1264 1266 1302 erant
1287 1288 1303 1310 ‚
1335 1250 1386 1299 &
1417 1260 1607 1295 temere

320 1333 536 1404 jacentia
580 1336 668 1391 (ut
703 1325 797 1389 fit)
835 1326 885 1377 in
918 1320 1117 1391 aspretis
1142 1356 1158 1379 ,
1193 1321 1245 1369 δε
1283 1315 1344 1366 de
1375 1311 1610 1363 industria

328 1399 515 1459 etia‘m,
543 1413 647 1464 quo
681 1393 826 1444 locus
863 1389 1021 1442 tutior
1057 1383 1173 1438 esset
1201 1422 1216 1442 ‚
1257 1383 1317 1434 ab
1353 1378 1612 1449 oppidanis

328 1465 576 1533 congesta.
624 1460 723 1511 Ubi
762 1475 919 1528 quum
958 1449 1279 1507 constituisset
1330 1451 1614 1506 Romanos,

331 1533 654 1598 semitamque
692 1526 943 1595 angustam
976 1526 1026 1574 &
1061 1520 1261 1572 arduam
1297 1515 1512 1566 ereetam
1550 1528 1614 1563 ex

331 1598 520 1670 oppido
541 1614 591 1648 m
614 1612 776 1646 arcem
795 1588 1070 1645 ostendisset
1092 1607 1104 1638 :
1126 1596 1223 1637 Hoc
1247 1585 1432 1651 quidem
1456 1584 1614 1647 ascen·-

325 1672 385 1737 [ιι
402 1704 417 1726 ,
444 1663 642 1734 inquit,
675 1661 756 1712 vel
788 1679 880 1711 tres
914 1652 1366 1723 armatifquamlibet
1403 1649 1618 1699 multitu-

335 1739 489 1787 dinem
521 1732 775 1783 arcuerint.
798 1737 885 1779 Vos
904 1726 963 1780 ἴθ’
986 1727 1135 1774 decem
1158 1737 1340 1771 numero
1357 1753 1372 1775 ,
1393 1717 1480 1774 ὠ,
1499 1716 1621 1782 quod

261 1823 264 1826 ’
333 1803 444 1873 plus
476 1802 564 1867 est,
588 1799 808 1856 Romani,
829 1803 1217 1856 Romanorumque
1240 1785 1483 1853 fortiffimi
1517 1783 1621 1832 viri

340 1867 465 1936 esti's.
500 1877 557 1918 Et
581 1865 708 1915 locus
722 1879 807 1933 pro
837 1863 1002 1917 vobis,
1025 1859 1082 1913 ἐπ’
1105 1876 1188 1906 nox
1215 1856 1330 1915 erit,
1352 1870 1452 1919 quae
1470 1850 1625 1903 omnia

341 1957 396 1990 ex
428 1939 601 1987 incerto
629 1938 801 1993 majora
833 1929 1013 1980 territis
1046 1926 1249 1990 ostentat.
1293 1927 1388 1987 Ego
1408 1925 1509 1979 jam
1531 1934 1624 1966 ter-

341 2023 444 2056 rore
485 2003 637 2052 omnia
672 1998 867 2067 implebo
902 2018 916 2045 .·
955 2012 1038 2043 vos
1073 2009 1223 2041 arcem
1259 1989 1428 2037 intenti
1465 2000 1624 2034 tenete.

345 2068 586 2124 Decurrit
612 2064 727 2117 inde
758 2077 944 2133 quanto
964 2056 1172 2111 maxime
1190 2067 1384 2123 poterat
1409 2069 1523 2102 cum
1548 2066 1628 2101 tu-

348 2137 514 2191 multu
532 2174 549 2197 ,
569 2136 642 2185 Ad
663 2151 792 2183 arma
813 2167 829 2189 ,
862 2132 913 2181 &
936 2128 1023 2196 pro*
1051 2126 1245 2189 vestram
1269 2122 1439 2189 fidem,
1458 2122 1586 2168 cives
1611 2123 1632 2166 !

347 2203 622 2258 clamitans.
662 2207 760 2249 Arx
786 2200 841 2247 ab
865 2198 1057 2261 hostibus
1092 2206 1223 2259 capta
1247 2191 1306 2253 est
1327 2210 1341 2237 .·
1364 2189 1457 2244 ite,
1481 2187 1631 2251 defen·
1657 2201 1663 2207 “

350 2277 464 2324 dite.
517 2273 635 2321 Haec
676 2265 896 2316 incidens
936 2260 1214 2331 principum
1254 2253 1446 2306 foribus
1468 2292 1484 2314 ,
1525 2253 1631 2302 haec

352 2338 548 2400 obviis,
574 2335 676 2387 haec
709 2330 1087 2384 excurrentibus
1121 2326 1171 2376 in
1203 2322 1458 2394 publicum
1488 2320 1634 2388 pavi-

353 2408 432 2462 dis
453 2408 691 2474 increpat.
717 2406 997 2468 Acceptum
1031 2395 1090 2446 ab
1125 2409 1228 2446 uno
1267 2405 1499 2459 pavorem
1523 2385 1634 2455 plu-

355 2492 436 2528 res
469 2491 556 2542 per
591 2469 765 2523 urbem
805 2465 989 2518 ferunt.
1049 2457 1252 2529 Trepidi
1293 2455 1635 2524 magistratus,

357 2543 504 2595 miffis
534 2539 594 2591 ad
624 2553 786 2588 arcem
816 2528 1211 2603 exploratoribus
1232 2563 1260 2589 ‚V
1279 2542 1436 2593 quum
1462 2521 1557 2571 tela
1584 2524 1640 2571 &

357 2623 570 2660 armatos
600 2619 768 2656 tenere
794 2618 956 2652 arcem
978 2594 1306 2664 multiplicato
1336 2605 1541 2642 numero
1563 2604 1646 2638 au-

353 2676 515 2729 dirent
532 2714 548 2739 ,
568 2685 799 2728 avertunt
830 2668 1016 2722 animos
1047 2665 1074 2718 a
1101 2664 1184 2730 spe
1206 2654 1549 2726 recuperandae
1571 2671 1644 2707 ar-
