1680 3110
353 157 445 225 24
762 138 843 204 T.
926 141 975 203 L
1016 161 1038 204 1
1078 164 1122 205 v
1163 164 1184 205 1
1233 162 1256 206 1

138 243 330 292 'tm-370.
357 227 521 279 addita
575 225 666 277 alia
710 224 1057 275 commotioris
1096 224 1158 275 ad
1203 226 1366 278 omnia
1410 224 1651 278 turbanda

138 294 331 341 &0382-
358 293 544 346 confilii
593 308 685 343 res,
718 289 939 343 Fundurn
966 291 1015 342 in
1047 290 1277 354 Veienti,
1312 308 1461 362 caput
1497 291 1648 360 patri-

357 360 541 420 monii,
574 360 597 393 ⁶
637 357 844 423 subjecit
876 356 1114 426 praeconi:
1147 366 1218 408 Ne
1250 378 1383 426 quem
1416 359 1646 424 vestram,

357 427 550 495 inquit,
581 429 837 492 Quirites,
870 428 1004 473 donec
1027 427 1275 491 quicquam
1299 429 1347 475 in
1381 444 1430 476 re
1458 444 1557 476 mea
1566 427 1654 490 sum

354 497 560 562 pererit,
582 495 853 554 judicatum
895 493 1187 540 addic'himve
1227 493 1335 541 duci
1378 495 1548 559 patiar.
1584 488 1646 540 ld

357 558 480 613 verb
505 559 573 609 ita
597 558 831 609 accendit
864 557 1075 618 animos»,
1111 572 1168 607 ut
1188 575 1273 625 per
1311 574 1457 608 omne
1480 557 1552 608 fas
1588 573 1648 607 ac

355 625 495 677 nefas
532 625 752 676 secuturi
783 623 1304 677 vindicen·1-libertatis
1342 623 1645 676 viderentur.

354 693 441 743 Ad
475 691 574 743 hoc
608 691 780 752 domi,
816 690 1157 741 concionantis
1192 690 1242 739 in
1273 690 1475 742 modum
1496 730 1512 752 ,
1548 691 1646 740 ser-

355 776 529 810 mones
566 758 697 828 pleni
738 758 1002 808 criminum
1031 756 1080 805 in
1122 760 1320 808 Patres:
1353 758 1481 808 inter
1516 772 1645 825 quos

356 835 381 868 ⁷
400 844 583 894 quum,
625 825 796 876 omiffo
821 823 1098 875 discrimine
1116 861 1131 883 ‚
1163 841 1279 874 vera
1303 840 1361 874 an
1379 825 1645 883 vanajace-

353 908 431 944 ret
452 930 468 953 ,
503 896 522 926 ⁸
545 896 774 959 thesauros
796 891 977 941 Gallici
1002 893 1108 939 auri
1131 890 1355 941 occultari
1376 896 1403 940 ἁ
1425 892 1642 941 Patribus

351 958 502 1026 jecit:
534 979 613 1009 nec
626 967 728 1020 jam
756 959 1030 1026 poffidendis
1042 956 1249 1023 publicis
1262 960 1395 1024 agris
1414 973 1640 1007 contentos

352 1027 462 1093 effi,
512 1027 598 1091 nist
632 1030 872 1094 pecuniam
921 1042 1098 1091 quoque
1134 1024 1370 1090 publicam
1407 1039 1639 1073 avertant.

351 1100 423 1142 Ea
444 1111 515 1141 res
520 1095 567 1159 si
573 1093 732 1160 palam
740 1094 831 1159 fiat
849 1127 863 1151 ,
894 1090 1068 1155 exsolvi
1076 1089 1255 1157 plebem
1279 1110 1362 1140 aere
1379 1089 1527 1140 alieno
1541 1093 1642 1158 pof-

339 1161 416 1224 se.
452 1162 578 1222 Quae
618 1159 702 1210 ubi
741 1156 934 1223 objech
970 1157 1072 1224 spes
1103 1155 1200 1217 est,
1229 1157 1478 1209 enimvero
1511 1156 1642 1207 indi-

352 1240 507 1293 gnum
546 1223 736 1277 facinus
775 1224 968 1284 videri,
1012 1240 1167 1292 quum
1194 1222 1552 1274 conferendum
1577 1222 1638 1274 ad

351 1291 688 1345 redimendam
722 1292 977 1343 civitatem
1007 1289 1030 1339 ἐι
1064 1288 1217 1339 Gallis
1240 1307 1413 1342 aurum
1448 1289 1598 1340 fuerit
1618 1327 1636 1352 ,

351 1370 375 1403 9
401 1358 592 1409 tributo
623 1358 937 1409 collationem
974 1355 1179 1408 fastam:
1214 1356 1346 1407 idem
1379 1374 1550 1408 aurum
1573 1373 1637 1408 ex

351 1424 575 1475 hostibus
606 1441 802 1494 captum
832 1425 880 1474 in
909 1440 1181 1491 paucorum
1210 1423 1416 1490 praedam
1443 1422 1634 1474 ceffiffe.
1662 1432 1667 1435 “

350 1495 530 1564 Itaque
557 1495 606 1526 ¹0
637 1491 1029 1561 exsequebantur
1068 1489 1329 1557 quaerendo
1368 1489 1454 1540 ubi
1493 1504 1636 1541 tantae

351 1558 422 1612 rei
438 1562 627 1610 lurtum
646 1559 1006 1612 occultaretur:
1031 1555 1385 1625 differenteque
1399 1594 1416 1620 ,
1445 1559 1495 1609 δι
1509 1571 1634 1610 tem·

403 1744 428 1774 6
458 1735 621 1786 Subiecit
645 1737 833 1790 praeconi]
858 1741 960 1775 Prae·

351 1794 459 1831 conis
480 1805 575 1832 voce
593 1792 772 1831 venalem
790 1793 960 1844 proponi

347 1845 462 1897 juffit.

391 1911 415 1944 7
431 1898 706 1954 Qum‚omiffo
724 1896 959 1949 discrimine]

349 1951 484 2004 Qum
504 1955 643 2000 iaceret
665 1951 815 1999 multa,
836 1949 958 2001 om1JJo

349 2005 561 2055 discrimine
585 2036 596 2052 ‚
625 2019 717 2044 vcra
742 2019 793 2042 an
824 2017 928 2041 vana
945 2032 957 2052 ,

348 2058 480 2110 supple
501 2087 512 2106 ,
539 2061 693 2109 iaceret.
727 2055 869 2097 Omilit
894 2057 956 2094 Li-

347 2114 431 2150 vius
445 2125 584 2150 vocem
599 2110 718 2149 multa
731 2137 743 2157 ‚
758 2110 820 2149 vel
835 2109 958 2148 aliam

349 2165 527 2216 aliquam
563 2163 754 2211 fimilem,
783 2163 836 2201 ob
869 2175 956 2201 eam

348 2219 505 2257 causam
520 2247 532 2266 ,
552 2217 659 2270 quod
683 2219 743 2255 hae
761 2230 873 2255 voces
892 2230 958 2254 ve-

345 2285 391 2310 ra
410 2286 460 2309 an
481 2286 586 2309 vana
605 2273 741 2310 vicinae
761 2271 846 2308 sunt
868 2283 956 2308 ver·

352 2325 408 2363 bo
434 2328 571 2371 iaceret
594 2355 607 2375 ,
638 2324 660 2363 ὰ
690 2337 768 2376 quo
798 2325 837 2362 ὅ(
868 2324 956 2375 ipsae

348 2390 547 2429 reguntur.

405 2433 425 2468 8
454 2430 655 2484 Thesauros
679 2428 819 2469 Gallici
840 2431 954 2478 auri]

348 2482 515 2525 rortaffe
555 2485 645 2523 huic
688 2485 956 2522 criminationi

347 2539 484 2576 ansam
538 2544 754 2590 praebuerat
813 2549 954 2575 aurum

347 2592 454 2643 quod
486 2591 608 2629 Gallis
636 2603 808 2643 ereptum
842 2603 952 2638 erat,

347 2645 417 2683 sub
436 2650 455 2685 J
462 2648 543 2686 ovis
560 2644 652 2685 sella
668 2643 858 2698 positum:
878 2657 956 2697 qua

1016 1733 1063 1775 de
1091 1747 1129 1773 re
1154 1732 1235 1774 vid.
1265 1732 1379 1787 supr&
1407 1739 1460 1774 V.
1489 1745 1551 1780 ςο.
1582 1733 1628 1774 Id

1016 1791 1119 1828 enim
1139 1787 1260 1841 vulgo
1278 1801 1418 1827 notum
1437 1801 1518 1827 non
1534 1787 1630 1828 fuis-

1015 1843 1052 1881 se
1084 1870 1095 1890 ,
1148 1841 1367 1881 admodum
1416 1841 1626 1882 verisimile

1014 1895 1067 1935 est
1088 1923 1101 1943 ,
1135 1895 1197 1934 sed
1232 1898 1424 1948 primores
1463 1900 1625 1935 Patrum

1013 1964 1098 1989 rem
1119 1950 1218 1987 inter
1242 1950 1278 1987 se
1302 1948 1453 1988 filentio
1476 1949 1624 2002 preffis-

1011 2004 1062 2042 se.
1104 2002 1217 2040 Unde
1252 2001 1416 2041 liberior
1454 2003 1624 2042 dabatur

1011 2055 1168 2095 Manlio
1216 2054 1381 2094 facultas
1435 2056 1622 2108 arguendi

1012 2113 1142 2148 Patres
1168 2108 1266 2147 illud
1289 2121 1432 2147 aurum
1454 2111 1494 2148 in
1512 2110 1623 2150 suam

1011 2163 1187 2215 praedam
1211 2159 1379 2201 vertisse.

1065 2230 1086 2261 9
1119 2214 1270 2254 Tributo
1301 2213 1534 2254 collationem
1552 2213 1623 2267 fa·

1013 2267 1139 2321 Ham]
1176 2266 1295 2320 Suprd
1317 2274 1367 2309 V.
1394 2280 1455 2315 50.
1476 2265 1620 2320 scripfit

1013 2325 1141 2361 Livius
1162 2319 1185 2360 ἐι
1212 2324 1403 2361 matronis
1427 2321 1621 2360 collatum

1013 2389 1154 2414 aurum
1182 2404 1194 2422 ‚
1234 2388 1275 2414 ut
1312 2376 1464 2414 summa
1514 2375 1620 2414 ,aaz

1011 2429 1198 2468 mercedis
1239 2429 1361 2468 Gallis
1403 2387 1617 2475 conhiben

1011 2482 1120 2521 nullst
1154 2480 1292 2522 tributi
1326 2484 1523 2521 mentione
1553 2480 1615 2521 fa·

1010 2535 1082 2574 ἃᾶ.

1064 2601 1110 2628 10
1151 2587 1488 2645 Est-sequebantur]
1522 2588 1615 2629 vid.

1009 2655 1093 2683 not.
1124 2656 1164 2683 2.
1188 2643 1240 2685 ad
1268 2648 1339 2684 111.
1370 2655 1435 2682 ιο.

1497 2709 1617 2764 pore
