1680 3110
341 133 473 197 '260'
739 134 814 194 T.
896 135 949 194 L
992 155 1018 195 1
1062 153 1107 198 v
1150 158 1176 197 1
1218 142 1258 199 ι’
1664 193 1673 198 .

130 229 320 278 15:0436.
344 215 494 282 hujus
510 255 524 278 ,
544 213 643 283 qua
665 215 878 268 vivimus
899 254 915 279 ,
941 217 1074 286 pacis
1094 236 1257 282 amor,
1281 219 1330 271 &
1352 219 1511 274 civilis
1532 235 1624 273 cu·l
1676 287 1678 290 y

127 280 319 324 ³·C·3¹⁶·
345 301 397 335 ra
424 282 718 333 concordiae.
915 310 917 312 ·
1678 340 1680 343 ,

150 355 219 407 M.
236 356 321 395 Fos-
409 352 509 398 XX.
542 353 608 397 M.
636 346 813 399 Fossius
840 348 1144 402 Flaccinator
1166 351 1278 403 inde
1298 392 1314 417 ,
1338 356 1386 406 δέ
1410 358 1460 404 L.
1486 353 1624 405 Plau·

126 397 296 490 {5ss55ss-
344 416 444 465 tius
466 419 645 464 Venno
667 414 892 466 consules
913 416 1044 467 fasti.
1066 422 1137 469 Eo
1159 436 1285 469 anno
1311 421 1370 471 ab
1393 420 1625 488 frequen·
1647 461 1667 468 ,

129 492 234 538 eoff,
343 481 479 531 tibus
509 481 800 532 Samnitium
836 483 1030 551 populis
1062 485 1122 536 de
1154 485 1348 537 foedere
1383 504 1620 538 renovan-

342 546 408 597 do
430 547 578 615 legati
603 566 759 616 quum
780 549 998 601 senatum
1019 550 1158 603 humi
1179 553 1308 603 strati
1332 551 1620 617 movissent,

340 614 509 680 rejeffi
539 615 597 664 ad
625 614 862 684 populum
881 655 895 677 ,
919 617 1299 688 haudquaquam
1332 635 1430 669 tam
1462 622 1622 672 effica-

340 697 425 731 ces
459 680 705 732 habebant
731 699 917 750 preces,
953 688 1127 752 Itaque
1155 688 1215 736 de
1249 686 1444 737 foedere
1474 702 1624 754 nega-

339 762 483 799 tum:
506 748 714 801 induciae
749 748 970 810 biennii,
1001 770 1157 817 quum
1186 770 1270 819 per
1293 753 1484 822 aliquot
1515 754 1621 805 dies

337 813 614 882 fatigassent
641 814 854 882 fingulos
883 818 1140 884 precibus,
1170 819 1445 884 impetratae.
1476 823 1534 871 Et
1556 837 1619 872 ex

336 882 520 949 Apulia
552 883 823 932 Teanenses
855 884 1184 952 Canufinique
1216 887 1620 954 populationibus

334 946 440 998 fessi
478 987 491 1007 ,
529 947 775 999 obfidibus
816 953 866 997 L.
907 949 1103 1001 Plautio
1142 954 1329 1002 consuli
1363 952 1530 1013 datis,
1564 954 1616 1005 in

335 1013 642 1066 deditionem
687 1029 945 1066 venerunt.
999 1017 1183 1068 Eodem
1227 1036 1353 1070 anno
1407 1019 1618 1096 primurn

338 1090 357 1117 ¹
395 1082 607 1149 praefecti
640 1086 861 1149 Capuam
891 1085 1042 1135 creari
1077 1087 1238 1154 coepti
1269 1124 1283 1146 ‚
1323 1086 1517 1153 leg1bus
1555 1087 1617 1137 ab

334 1149 389 1198 L.
419 1150 561 1199 Furio
592 1163 796 1216 praetore
827 1148 952 1199 datis
985 1169 996 1200 :
1036 1170 1189 1217 quum
1223 1168 1492 1220 utrumque
1529 1151 1614 1223 ipfi

332 1232 423 1283 pro
447 1216 664 1266 remedio
686 1216 822 1282 aegris
849 1216 994 1267 rebus
1018 1218 1260 1270 discordia
1281 1219 1503 1270 intestina
1561 1237 1614 1270 e-

163 1289 291 1329 Trfbus
333 1281 508 1335 tiffent.
543 1287 602 1334 Et
630 1293 650 1316 2
674 1281 778 1331 duae
802 1285 963 1333 Romae
990 1284 1161 1335 additae
1188 1285 1375 1346 tribuS‚
1405 1296 1421 1329 3
1457 1291 1501 1334 U
1528 1304 1614 1337 en-

113 1351 227 1380 nove.
329 1349 432 1399 tina
465 1367 519 1399 ac
550 1359 575 1393 4
603 1346 830 1400 Falerina.
875 1348 1127 1401 Inclinatis
1164 1352 1309 1402 semel
1344 1352 1392 1402 in
1434 1353 1613 1422 Apulia

328 1415 509 1479 rebus,
540 1426 562 1460 5
593 1417 769 1465 Teates
797 1433 998 1484 quoque
1034 1417 1182 1487 Apuli
1210 1419 1267 1470 ad
1304 1436 1462 1470 novos
1492 1437 1614 1471 con·

325 1482 453 1536 sules
484 1522 502 1547 ,
536 1486 599 1536 C.
636 1482 840 1535 Junium
873 1483 1154 1538 Bubulcum
1185 1524 1201 1548 ,
1243 1489 1314 1552 Q.
1356 1486 1611 1541 AEmilium

379 1628 394 1654 1
430 1617 629 1672 PraefeHi]
660 1619 793 1658 Creari
826 1618 944 1669 coepti
997 1620 1229 1674 praefeuurae
1262 1618 1437 1660 formam
1463 1619 1608 1674 redigi-

327 1669 351 1710 ὲ
373 1673 522 1724 populo
542 1677 728 1712 Romano
748 1671 941 1724 praefeciti,
998 1687 1075 1713 tur.

327 1728 396 1778 qui
415 1731 591 1778 Capuam
608 1726 657 1765 ad
674 1730 762 1778 juta
780 1724 942 1763 redden-
1054 1741 1074 1764 2
1099 1731 1195 1766 Duae
1209 1756 1218 1767 .
1233 1757 1243 1767 .
1264 1756 1274 1767 .
1294 1726 1437 1767 addita·
1455 1726 1604 1780 tribus]

326 1780 378 1817 da
406 1781 667 1818 mitterentur.
712 1778 787 1818 Hic
816 1781 943 1816 Livius
996 1786 1180 1833 Tuncque
1206 1795 1281 1820 una
1301 1784 1340 1819 ὃ(
1361 1784 1519 1833 triginta
1540 1786 1611 1822 tti-

325 1832 597 1872 conditionem
627 1862 641 1882 ,
684 1845 729 1871 ac
782 1828 942 1870 fortasse
997 1834 1067 1873 bus
1094 1835 1218 1873 factae.
1251 1835 1341 1874 Vid.
1366 1840 1475 1874 V111.
1502 1847 1565 1881 17.

323 1888 520 1939 originem
624 1885 941 1940 praefefturarum
1049 1901 1063 1935 3
1096 1888 1316 1941 vfentina]
1341 1891 1425 1928 Sive
1453 1888 1608 1928 Oufen-

321 1943 456 1992 paucis
505 1942 645 1992 tangit.
703 1938 940 1978 Praefeesturae
994 1943 1076 1981 tina
1094 1970 1106 1990 ,
1133 1942 1182 1980 ab
1217 1940 1388 1991 Ufente,
1415 1941 1488 1982 sive
1520 1947 1605 1982 Ou-

325 2006 435 2032 erant
474 1994 596 2032 Italiae
635 1993 780 2046 oppida
803 2021 817 2040 ,
857 2004 940 2044 quae
994 1994 1095 2034 fente
1117 1993 1241 2034 fluvio
1266 1997 1306 2035 in
1331 1995 1509 2043 Volscis,
1537 1997 1606 2048 qui

324 2059 407 2086 non
423 2047 688 2099 legibussuis,
717 2044 941 2084 nonama·
993 2062 1076 2087 non
1110 2047 1224 2099 longe
1254 2047 1278 2086 a
1310 2051 1524 2089 Tarracina
1560 2053 1604 2090 in

324 2100 548 2151 gistratibus
599 2099 618 2139 ὲ
664 2113 829 2151 corpore
870 2100 939 2137 suo
994 2114 1103 2140 mare
1129 2102 1290 2140 labitur.

323 2156 463 2192 creatis
482 2153 713 2205 regebantur
734 2168 746 2200 3
764 2152 826 2191 sed
844 2164 941 2204 prae-
1048 2168 1075 2203 4
1101 2154 1271 2193 Falerina
1288 2161 1305 2205 ]
1335 2156 1398 2195 Ab
1416 2170 1514 2209 agro
1537 2161 1605 2197 Fa-

322 2205 445 2246 sectos
465 2209 672 2259 quotannis
691 2205 821 2246 Roma
847 2206 940 2244 mis-
993 2207 1104 2247 lerno
1124 2237 1135 2255 ,
1159 2221 1200 2246 ut
1220 2207 1387 2248 videtur.

325 2261 387 2300 sos
403 2261 671 2312 accipiebant,
697 2273 867 2312 quorum
884 2260 939 2297 es·
1051 2273 1066 2307 5
1091 2262 1220 2299 Teates
1236 2290 1244 2299 .
1265 2290 1274 2300 .
1293 2292 1302 2302 .
1324 2259 1489 2318 Apuli]
1515 2263 1601 2303 Ple-

311 2314 381 2352 ·set
407 2315 449 2352 in
476 2313 621 2366 oppido
647 2314 800 2351 summa
825 2325 936 2364 pote·
992 2316 1101 2367 rique
1135 2317 1388 2366 interpretum
1430 2318 1470 2353 in
1506 2329 1605 2357 voce

324 2366 424 2415 stas,
444 2370 661 2420 quiquejus
679 2367 733 2404 ibi
751 2367 934 2405 dicerent.
992 2369 1122 2406 Teates
1150 2368 1332 2407 mendum
1364 2366 1437 2407 esse
1473 2369 1602 2408 existi-

322 2425 504 2472 capuam
530 2423 606 2460 hoc
627 2423 763 2472 jugum
788 2449 801 2468 ,
829 2420 936 2472 quod
992 2433 1116 2459 mant.
1146 2427 1263 2460 Teate
1289 2425 1391 2460 enim
1413 2424 1603 2474 oppidum

325 2487 429 2513 nunc
452 2475 586 2514 volens
610 2477 749 2526 accipit
766 2502 779 2521 ,
807 2474 936 2525 postea
990 2488 1070 2513 non
1091 2477 1131 2512 in
1151 2474 1291 2527 Apulia
1309 2503 1320 2522 ‚
1348 2475 1411 2515 sed
1430 2478 1469 2513 in
1488 2481 1600 2517 Mar·

327 2526 516 2567 excuffifse
545 2542 588 2567 ex
624 2542 669 2566 eo
703 2527 903 2579 colligitur
922 2556 932 2575 ,
992 2530 1135 2567 rucinis
1162 2528 1227 2567 est.
1269 2530 1448 2581 Dujatius
1479 2531 1599 2584 suspi-

324 2581 433 2632 quod
464 2581 569 2621 bello
599 2584 744 2620 Punico
770 2581 936 2620 secundo
991 2595 1099 2624 catut
1117 2583 1276 2625 vriates
1303 2581 1448 2640 ,Apuli-

323 2645 437 2687 capta
464 2635 486 2676 εὶ
516 2638 708 2679 Romanis
734 2637 878 2676 iterum
895 2638 935 2678 in
