1680 3110
289 137 419 221 ³338
680 128 1200 192 ·T.L1v11

81 246 272 287 U.c-4‹6·
293 217 483 280 moenia
505 215 641 275 sunt,
665 216 715 263 δε
744 212 885 262 locus
920 222 1023 260 erat
1049 208 1353 258 munimento
1377 201 1572 257 naturi-

80 292 271 336 ἒβη-96·
295 304 393 356 que
415 299 569 336 tutus.
594 278 847 351 sed-evicit
868 276 1033 326 omnia
1055 273 1264 324 affuetus
1295 273 1456 342 praedae
1480 271 1571 321 mi-

294 355 382 406 les,
415 350 475 401 ad
503 347 594 397 tria
628 344 780 395 millia
815 342 1030 394 hostium
1062 342 1192 391 circa
1223 357 1388 390 muros
1425 339 1570 389 caesa:

332 417 454 468 raeda
490 411 658 485 militis
698 410 810 462 fuit.
861 409 1021 473 Hujus
1057 421 1445 477 oppugnatarum
1486 421 1572 454 ur-
1636 402 1639 403 ⁷

295 440 435 536 Eium
463 479 656 532 decoris
681 495 788 548 pars
813 477 965 540 major
996 477 1046 526 in
1074 473 1363 541 quibusdam
1393 470 1574 521 annali-

300 552 395 604 bus
420 549 480 601 ad
506 547 775 598 Maximum
798 544 1026 595 trahitur.
1051 540 1377 608 Murgantiam
1398 538 1456 588 ab
1477 540 1578 586 De-

297 619 382 671 cio
412 656 426 677 ,
463 615 488 667 a
525 613 670 665 Fabio
714 611 1023 662 Ferentinum
1062 607 1450 674 Romuleamque
1486 621 1578 671 op-

301 697 543 754 pugnatas
569 680 783 731 tradunt.
811 680 920 730 sunt
941 677 1027 744 qui
1053 693 1299 727 novorum
1320 669 1578 722 consulum

299 754 431 807 hanc
457 748 664 817 gloriam
691 746 873 797 faciant
896 763 907 795 ε
933 741 1133 812 quidam
1163 758 1261 793 non
1289 739 1580 797 amborum,

305 819 390 871 sed
425 816 624 868 alterius
648 854 662 877 ‚
700 818 756 864 L.
789 809 1044 865 Volumnii
1067 833 1082 873 3
1106 808 1150 859 ei
1188 806 1435 858 Samnium
1465 820 1581 871 pro-

308 885 522 942 vinciam
555 879 781 935 eveniffe.

143 953 278 991 Bellum
376 953 608 1003 XVIII.
643 951 777 999 Dum
809 962 865 996 ea
897 944 945 994 in
982 940 1210 1001 Samnio,
1243 935 1584 1004 cujuscunque

98 1002 464 1072 E'Ws‘um’dufiiu
500 1014 816 1084 auspicioque
844 1050 858 1072 ,
899 1023 1189 1078 gererentur
1220 1025 1235 1064 ς
1271 1003 1497 1054 Romanis
1535 1002 1586 1052 in

308 1085 503 1142 Etruria
531 1083 710 1136 iterum
734 1078 919 1131 bellum
946 1077 1116 1143 ingens
1146 1071 1312 1124 multis
1339 1088 1399 1121 ex
1423 1069 1588 1138 genti-

309 1156 407 1206 bus
444 1150 708 1202 concitur:
734 1146 872 1213 cujus
910 1144 1078 1194 auctor
1120 1138 1312 1190 Gellius
1351 1135 1588 1204 Egnatius

315 1233 335 1259 1
376 1236 437 1271 ex
468 1215 765 1267 Samnitibus
801 1225 918 1263 erat.
949 1208 1093 1260 Tusci
1128 1205 1230 1257 fere
1261 1221 1434 1254 omnes
1466 1220 1589 1253 con-

318 1288 539 1338 civerant
565 1282 751 1334 bellum
787 1299 799 1330 ι
831 1290 1042 1328 traxerat
1076 1272 1306 1338 contagio
1339 1269 1592 1338 proximos

320 1353 535 1406 Umbriae
571 1348 779 1418 populos
812 1364 823 1396 ε
858 1346 906 1394 δέ
939 1341 1126 1393 Gallica
1159 1338 1335 1390 auxilia
1365 1335 1594 1387 mercede

321 1419 726 1472 sollicitabantur.
760 1411 918 1464 omnis
955 1427 1010 1460 ea
1044 1404 1313 1458 multitudo
1345 1404 1407 1454 ad
1446 1402 1596 1453 castra.

323 1485 616 1539 Samnitium
638 1478 980 1533 conveniebat.
1013 1475 1122 1539 Qui
1154 1471 1398 1523 tumultus
1422 1484 1596 1539 repens

325 1552 582 1622 postquam
619 1553 819 1600 Romam
852 1543 1065 1613 perlatus
1099 1539 1195 1600 est,
1227 1556 1380 1606 quum
1410 1536 1504 1601 jam
1542 1539 1596 1585 L.

326 1618 631 1672 Volumnius
661 1612 831 1665 consul
861 1629 976 1662 cum
999 1606 1274 1676 legionibus
1304 1602 1511 1654 secunda
1540 1618 1599 1653 ac

330 1686 475 1737 tertia
495 1724 510 1747 ,
543 1683 888 1748 sociorumque
919 1675 1134 1727 millibus
1166 1670 1449 1740 quindecim
1485 1687 1601 1735 pro-

162 1757 219 1832 ,ξᾷ
235 1769 309 1806 Pro·
333 1753 491 1807 feffihls
510 1752 560 1802 in
583 1749 832 1801 Samnium
853 1743 967 1795 effet
983 1781 998 1804 ‚
1033 1745 1129 1810 Ap.
1153 1737 1418 1790 Claudium
1440 1737 1601 1804 primo

112 1808 274 1905 &91:132
336 1836 539 1889 quoque
566 1831 788 1893 tempore
818 1813 868 1862 in
894 1810 1136 1861 Etruriam
1166 1807 1234 1856 ire
1262 1803 1462 1874 placuit.
1497 1803 1602 1854 duae

269 1884 281 1895 ⁶
336 1891 562 1940 Romanae
590 1884 808 1951 legiones
833 1881 1006 1929 secutae
1025 1913 1039 1936 ‚
1060 1874 1212 1944 prima
1238 1875 1288 1924 δε
1320 1884 1490 1940 quarta
1506 1909 1522 1932 ‚
1546 1873 1602 1920 &

337 1954 585 2006 sociorum
615 1946 880 2001 duodecim
910 1940 1246 1995 millia.·castra
1274 1937 1406 1989 haud
1465 1935 1605 1987 rocul

335 2022 398 2074 ab
422 2019 559 2071 hoste
581 2016 745 2086 pofita.
768 2025 790 2050 2
816 2009 1052 2064 Ceterum
1076 2008 1227 2075 magis
1248 2023 1308 2056 eo
1329 2023 1418 2073 pro
1444 2003 1606 2055 eeium

337 2087 440 2149 est,
469 2084 610 2154 quod
642 2079 831 2134 mature
869 2092 1074 2130 ventum
1110 2088 1243 2133 erat,
1281 2086 1336 2122 ut
1371 2070 1608 2139 quosdam

337 2153 609 2222 spestantes
647 2153 742 2216 jam
782 2163 911 2199 arma
951 2141 1152 2194 Etruriae
1197 2137 1407 2208 populos
1447 2152 1609 2187 metus

336 2220 544 2273 Romani
584 2216 795 2268 nominis
834 2210 1179 2279 comprimeret
1213 2244 1228 2267 ‚
1273 2203 1423 2272 quim
1467 2201 1607 2271 quod

338 2287 493 2341 duCiu
513 2282 723 2336 consulis
744 2279 1012 2351 quicquam
1034 2274 1101 2326 ibi
1129 2273 1239 2325 satis
1259 2270 1378 2323 scite
1399 2285 1482 2321 aut
1504 2269 1609 2320 for-

404 2432 420 2460 1
451 2422 514 2460 Ex
535 2417 791 2467 Samnitibus]
820 2414 950 2467 Magis
1005 2422 1163 2450 maturo
1204 2421 1250 2448 ac
1289 2404 1402 2447 celeri
1447 2403 1615 2443 consulis

342 2474 512 2531 placeret
537 2475 616 2513 dux
638 2471 881 2511 Samnitium.
1004 2465 1172 2504 adventu
1190 2461 1310 2513 magis
1326 2456 1523 2515 profccqum
1539 2456 1585 2509 esi
1601 2471 1616 2494 .-

401 2543 422 2567 2
457 2526 624 2567 Ceteram
645 2526 763 2578 magis
780 2538 818 2561 eo
836 2519 952 2574 profe-
1006 2517 1081 2557 five
1107 2547 1117 2566 ‚
1150 2519 1274 2567 magis
1312 2512 1362 2552 ad
1395 2512 1434 2551 id
1469 2510 1619 2564 profuit

340 2580 475 2633 Ham]
502 2578 668 2620 Ceteram
688 2593 727 2616 eo
755 2575 852 2632 quad
870 2588 950 2612 ma·
1007 2583 1181 2610 maturus
1221 2581 1265 2608 ac
1308 2566 1409 2608 celer
1451 2562 1619 2606 consulis

324 2635 420 2680 vtur?
456 2644 611 2676 ventum
646 2640 725 2673 erat
745 2662 757 2681 ,
788 2628 829 2670 id
865 2627 950 2679 est,
1007 2625 1218 2674 advenam,
1240 2634 1307 2662 ut.
1323 2648 1333 2663 ,
1350 2648 1361 2663 .
