1669 3052
438 117 488 181 L
527 138 554 181 1
604 138 640 181 B
687 135 726 180 Ε
772 137 813 180 R
893 116 967 178 X.
1201 134 1233 198 3
1249 133 1322 197 53

57 217 154 273 >per
174 199 486 253 commodum
510 200 784 270 reipublicae
805 197 958 268 poffet
972 237 988 259 ,
1021 199 1220 249 Romam
1243 215 1327 249 ve·
1347 204 1531 241 U-0407-

68 267 235 329 nisset,
261 267 347 318 vel·
371 267 581 336 aliquem
619 285 676 318 ex
711 266 883 334 legatis
916 263 1134 325 mififfet,
1168 264 1193 314 ὲ
1228 249 1530 331 quo³·C·²9⁸'²

68 333 272 383 disceret
301 337 487 384 senatus
506 374 518 395 ‚
541 347 777 403 quantum
814 334 864 382 in
893 331 1083 382 Etruria
1111 330 1227 380 belli
1261 331 1330 379 es·

69 400 139 450 set
158 438 172 459 ‚
202 401 401 467 quantis
430 418 490 451 ue
514 397 939 451 administrandum
960 396 1116 467 copiis
1137 399 1186 449 &
1208 410 1335 465 quot

68 482 154 532 per
175 465 324 516 duces
347 485 371 516 e
412 482 475 517 et.

131 534 310 583 XXVI.
340 532 509 582 Fabius
534 545 589 581 ut
610 531 815 580 Romam
839 529 982 580 rediit
1002 566 1016 588 ,
1049 528 1099 580 &
1121 531 1170 579 in
1203 529 1336 579 sena-

73 608 128 645 tu
150 636 163 657 ,
184 600 234 647 δέ
259 597 526 665 productus
562 596 622 646 ad
655 596 892 666 populum
919 596 1128 646 mediam
1152 596 1337 646 oratio-

71 677 181 712 nem
214 663 416 723 habuit,
452 678 507 713 ut
533 680 621 713 nec
652 679 861 729 augere,
892 678 983 711 nec
1012 661 1229 712 minuere
1260 662 1336 712 vi-

69 726 268 778 deretur
299 729 414 778 belli
444 728 616 783 famam
642 758 654 790 3
679 728 923 795 magisque
955 728 1003 777 in
1031 727 1185 778 altero
1212 724 1334 779 assu-

70 794 250 845 mendo
279 795 406 846 duce
439 796 645 845 aliorum
677 794 930 861 indulgere
962 794 1161 856 timori,
1187 794 1337 861 quam

69 860 158 910 suo
193 875 276 912 aut
318 862 592 927 reipublicae
631 861 853 928 periculo
890 860 1157 910 consulere.
1202 868 1338 910 Cete-

72 931 176 975 rit'm
204 962 219 983 ,
246 928 294 994 fi
312 929 407 993 fibi
439 931 686 987 adjutorem
719 927 833 976 belli
853 928 1117 993 sociumque
1150 929 1340 994 imperii

72 995 263 1049 darent,
288 1013 478 1060 quonam
507 996 630 1042 modo
652 996 703 1058 se
736 993 950 1054 oblivzsci
981 1001 1032 1043 P.
1061 996 1204 1042 Decii
1232 1012 1341 1041 con·-

61 1058 186 1123 sulz's
209 1074 291 1125 per
311 1076 376 1108 tot
401 1059 596 1126 collegia
619 1062 790 1125 experti
805 1058 916 1125 poffi‘
933 1059 958 1105 ,Ρ
980 1062 1218 1107 Neminem
1247 1068 1340 1108 σηι-Ἴ

74 1127 201 1172 nium
224 1127 378 1188 secum
409 1127 620 1192 conjungi
651 1124 789 1173 malle
819 1146 836 1173 .·
878 1125 936 1177 &⁴
967 1126 1196 1189 copiarum
1217 1126 1341 1187 satis

59 1191 155 1256 fibi
175 1210 277 1239 cum
308 1199 357 1240 P.
394 1194 537 1241 Decio
554 1227 571 1248 ,
608 1192 666 1243 ᾤ’
691 1209 920 1257 nunquam
942 1193 1135 1239 nimium
1157 1192 1343 1252 hcstium

59 1258 182 1322 jbre.
219 1260 296 1306 Sin
319 1257 493 1324 collega
517 1259 629 1325 quid
651 1257 781 1306 aliud
805 1256 940 1305 malit
960 1293 976 1313 ,
1012 1273 1060 1305 at
1067 1257 1160 1322 fibi
1178 1264 1229 1306 L.
1254 1265 1298 1305 V
1295 1277 1343 1305 o·-

73 1321 299 1372 lumnium
331 1326 490 1374 darent
518 1326 779 1382 adjmorem.
812 1322 1052 1373 Omnium
1081 1339 1244 1373 rerum
1266 1340 1344 1371 ar-

73 1387 276 1438 bitrium
310 1392 358 1438 &
393 1389 418 1439 a
451 1387 669 1458 popu10,
696 1392 744 1438 &
777 1388 802 1438 a
832 1390 1032 1449 senatu,
1067 1390 1116 1438 δέ
1142 1388 1201 1437 ab
1240 1388 1344 1453 ipso

63 1453 262 1520 ⁴*collega
281 1493 294 1514 ‚
316 1455 462 1506 Fabio
485 1453 759 1519 permissum
783 1454 847 1504 est
871 1473 881 1504 ε
908 1458 961 1504 &
985 1471 1140 1521 quum
1162 1456 1214 1504 P.
1241 1457 1344 1504 De-

72 1520 182 1571 cius
207 1523 252 1570 se
280 1522 330 1571 in
353 1521 600 1572 Samnium
618 1559 632 1581 ,
662 1520 741 1573 vel
762 1519 810 1570 in
833 1520 1075 1570 Etruriam
1102 1519 1342 1589 proficisci

109 1600 295 1637 aratum
322 1586 414 1638 effe
438 1585 742 1647 ostendisset3
768 1601 898 1637 tanta
919 1586 1081 1636 laetitia
1103 1603 1158 1636 ac
1180 1601 1344 1652 gratu-

73 1604 196 1705 iatio
226 1651 352 1714 fuit,
377 1666 393 1691 1
433 1669 488 1704 ut
520 1654 860 1723 praeciperetur
889 1653 1095 1704 victoria
1130 1654 1306 1704 animis
1325 1690 1342 1713 ,

74 1719 451 1788 triumphusque
491 1737 589 1770 non
624 1719 811 1770 bellum
845 1719 1099 1770 decretum
1133 1719 1347 1770 consuli-

75 1785 169 1836 bus
190 1785 456 1837 videretur.
490 1786 697 1837 Invenio
719 1784 846 1852 apud
868 1785 1104 1854 quosdam
1121 1824 1135 1846 ,
1157 1800 1346 1836 extem-

111 1851 160 1902 lo
192 1851 444 1903 consulatu
477 1852 599 1903 inito
632 1851 879 1920 profectos
907 1852 957 1902 in
989 1851 1230 1902 Etruriam
1261 1858 1347 1902 Fa·

74 1871 214 1970 iiiam
260 1919 605 1987 Deciumque,
640 1918 733 1968 fine
777 1918 873 1968 ulla
915 1918 1163 1969 mentione
1205 1918 1348 1969 sortis

77 1984 439 2054 provinciarum
455 2023 469 2044 ‚
488 1985 909 2052 certaminumque
939 1985 1067 2035 inter
1096 1984 1311 2051 collegas
1327 2022 1347 2046 ‚

78 2068 186 2119 quae
205 2051 422 2118 exposui.
443 2053 566 2101 Sunt
582 2090 597 2112 ‚
617 2051 796 2119 quibus
816 2068 875 2101 ne
898 2050 999 2101 haec
1022 2051 1221 2118 quidem
1241 2068 1349 2101 cer-

78 2117 259 2168 tamina
281 2133 523 2185 exponere
547 2118 656 2168 satis
676 2116 841 2168 fuerit.
864 2117 1146 2183 adjecerunt
1170 2121 1219 2168 δε
1248 2121 1348 2184 Apa

114 2183 145 2234 ii
181 2183 542 2234 criminationes
582 2183 642 2235 de
683 2183 826 2234 Fabio
860 2184 1054 2234 absente
1091 2183 1149 2234 ad
1189 2202 1348 2252 popu-

101 2267 181 2301 um
198 2288 213 2310 ,
238 2251 288 2299 δε
315 2249 628 2317 pertinaciam
660 2248 892 2300 adversus
921 2251 1198 2319 praesentem
1232 2266 1353 2298 con-

79 2315 230 2367 sulem
261 2315 476 2382 praetoris
496 2353 511 2376 ,
546 2316 1018 2385 contentionemque
1056 2315 1197 2365 aliam
1226 2316 1354 2368 inter

80 2381 293 2451 collegas
307 2419 324 2443 ,
349 2381 578 2433 tendente
599 2383 758 2435 Decio
777 2419 793 2444 ,
817 2396 872 2433 ut
894 2384 985 2434 suae
1010 2382 1215 2453 quisque
1240 2399 1353 2450 pro·-

106 2556 109 2557 ’
138 2556 153 2583 1
184 2547 245 2584 Ut
257 2545 508 2599 praeciperetur
524 2542 686 2582 vifioria
738 2544 812 2582 mis
841 2545 881 2582 Sc
909 2544 971 2595 spe
1000 2555 1134 2581 omnes
1157 2545 1241 2597 jam
1261 2554 1356 2585 tunc

77 2598 249 2648 animis]
284 2601 339 2637 Ut
366 2598 574 2640 vistoriam
601 2598 685 2638 ani·
741 2595 813 2637 fibi
834 2595 1130 2650 desponderent.
