1680 3110
58 231 248 271 U.c.412.

56 279 145 315 &C-
163 287 249 322 340.

103 756 253 791 vincun-

63 812 117 839 tm·
153 807 254 839 Sam-

63 853 151 886 nites
189 853 226 885 in

64 901 217 944 Campa-

62 946 140 986 mia,

280 147 400 212 132
697 127 776 190 T.
862 126 912 189 L
959 147 980 188 1
1025 150 1068 191 v
1108 150 1134 192 1
1176 152 1199 194 1

272 208 415 264 nera(
443 209 765 278 Aliquamdiu
792 209 887 275 jam
919 212 1191 278 pugnaturn
1227 229 1330 266 erat
1360 230 1372 263 ι
1408 230 1549 267 atrox

273 278 428 330 caedes
463 279 594 328 circa
634 274 762 342 figna
798 277 1088 329 Samnitium
1115 316 1132 338 ,
1170 280 1287 348 fuga
1324 282 1382 332 ab
1417 284 1551 333 nulla

274 346 392 397 dum
425 357 561 411 parte
593 357 726 393 erat:
750 341 873 393 adeo
906 360 1066 395 morte
1104 345 1202 397 sold
1236 348 1369 399 vinci
1403 348 1550 399 desti-

272 425 506 465 naverant
531 409 718 459 animis.
750 412 926 478 Itaque
949 412 1153 462 Romani
1175 431 1331 481 quum
1353 416 1403 464 &
1423 415 1550 466 flue—

274 496 326 530 re
348 478 443 542 jam
466 475 738 527 laffitudine
760 477 889 527 vires
914 479 1148 529 sentirent
1167 518 1183 540 ‚
1220 482 1271 530 &
1292 480 1390 530 diei
1416 481 1553 531 haud

274 545 484 594 multum
522 541 756 611 supereffe
778 581 792 604 ,
826 543 1012 594 accensi
1040 545 1110 595 ir&
1143 546 1398 597 concitant
1425 549 1471 597 se
1502 547 1554 597 in

274 609 478 661 hostem.
507 612 636 660 Tum
657 607 867 677 primurn
896 609 1066 662 referti
1091 612 1266 679 pedem
1299 628 1449 681 atque
1476 613 1553 664 in·-

277 677 448 728 clinari
476 693 576 727 rem
606 675 656 725 in
684 675 850 743 fugam
878 677 1136 744 apparuit3
1163 693 1271 730 tum
1298 679 1440 747 capi,
1466 696 1551 730 oc-

278 743 378 793 cidi
408 741 609 793 SamniS.
647 758 738 792 nec
773 742 1110 809 superfuissent
1142 745 1329 807 multi,
1370 745 1419 795 ni
1453 762 1552 796 nox

280 809 536 862 vietoriam
564 810 716 875 magis
748 810 897 875 quirin
933 809 1147 876 praelium
1178 810 1453 863 diremisset.
1493 816 1553 862 Et

281 876 486 927 Romani
509 873 788 925 fatebantur
806 912 819 934 ‚
845 892 1095 944 nunquam
1118 894 1232 928 cum
1258 877 1554 946 pertinacio-

280 961 333 996 re
366 942 503 994 hoste
530 939 814 992 confli&um
835 959 846 991 z
870 945 919 992 δε
945 943 1218 1007 Samnites3
1241 961 1398 1013 quum
1421 961 1554 1012 quae·

279 1024 471 1062 teretur
515 1024 735 1076 quaenarn
772 1007 923 1076 prima
969 1011 1108 1061 causa
1153 1025 1250 1061 tam
1288 1009 1554 1062 obstinatos

280 1073 505 1129 movisset
526 1075 574 1124 in
597 1073 795 1142 fugam,
819 1075 968 1125 oculos
981 1077 1073 1142 fibi
1100 1084 1396 1128 Romanorum
1426 1081 1555 1127 arde·-

279 1163 329 1194 γε
361 1146 484 1208 vins
517 1140 742 1201 aiebant,
775 1145 971 1207 vesanos
990 1162 1044 1192 ue
1075 1143 1236 1193 vultus
1260 1145 1326 1198 1&
1343 1147 1555 1210 furentia

279 1224 359 1259 ora
380 1234 394 1260 .·
419 1212 523 1260 inde
549 1208 655 1276 plus
676 1210 814 1274 qudm
848 1227 897 1257 ex
930 1229 957 1257 a
981 1211 1028 1259 ia
1059 1208 1158 1259 ulla
1186 1228 1235 1259 re
1265 1213 1453 1260 terroris
1486 1229 1554 1259 or-

278 1293 394 1327 nem.
434 1279 604 1341 Quem
628 1289 866 1324 terrorem
896 1290 995 1325 non
1029 1290 1198 1342 pugnae
1228 1274 1381 1326 solum
1407 1293 1554 1328 even-

236 1404 238 1407 ·
279 1356 336 1393 tu
354 1381 368 1403 ,
397 1342 478 1392 sed
501 1339 739 1392 moestum&
763 1340 1066 1407 profeffione
1090 1340 1290 1391 confeffi
1314 1343 1435 1393 sunt.
1458 1344 1557 1393 Po-

107 1621 261 1659 cornelii

69 1671 208 1713 consulis

69 1719 108 1753 in
124 1718 262 1753 Samnio

62 1765 261 1812 [pericnlum

280 1408 407 1460 fleto
431 1408 508 1460 die
523 1447 538 1469 ,
557 1407 726 1461 vacuis
747 1394 958 1458 hoffium
979 1406 1141 1458 castris
1165 1409 1410 1459 Romanus
1433 1410 1562 1478 potin

283 1491 366 1526 tur
405 1494 417 1526 ε
458 1473 562 1543 quo
601 1476 647 1524 se
686 1474 844 1525 omnis
881 1477 1246 1543 Campanorum
1287 1474 1557 1527 multitudo.

283 1540 641 1611 gratulabunda
669 1539 858 1592 effudit.
1241 1559 1246 1564 ·

338 1613 568 1660 XXXIV.
603 1606 840 1658 Ceterum
863 1607 967 1658 hoc·
984 1607 1218 1676 gaudium
1247 1607 1418 1676 magna
1441 1626 1562 1677 pro-

284 1693 346 1746 pe
377 1675 513 1727 clade
545 1675 595 1725 in
623 1674 821 1725 Samnio
850 1673 1099 1726 foedatum
1127 1674 1209 1725 est.
1238 1692 1348 1725 nam
1382 1675 1441 1725 ab
1466 1678 1561 1726 Sa·
1620 1690 1624 1692 ·

287 1743 439 1794 ticula
481 1740 732 1811 profe&us
772 1740 1033 1791 Cornelius
1075 1740 1243 1792 consul
1283 1742 1561 1793 exercitum

285 1808 487 1861 incaute
508 1810 555 1861 in
578 1806 749 1858 saltum
770 1807 887 1858 cavfi
907 1806 1031 1859 valle
1053 1807 1303 1876 pervium,
1327 1805 1560 1876 circftque

283 1876 509 1929 insessum
541 1875 601 1926 ab
635 1872 771 1924 hoste
800 1872 996 1924 induxit
1026 1893 1039 1925 z
1072 1891 1163 1925 nec
1199 1872 1333 1942 prius
1357 1910 1373 1934 ,
1411 1876 1562 1943 qufim

283 1944 441 2012 xecipi
477 1940 589 1994 tuto
628 1939 754 2008 signa
791 1957 891 1991 non
924 1954 1185 2009 poterant,
1221 1940 1562 1992 imminentem

286 2010 436 2078 capiti
455 2009 645 2060 hostem
666 2006 804 2059 vidit.
827 2017 843 2042 1
871 2009 1007 2057 Dum
1027 2006 1079 2057 id
1099 2023 1244 2057 morae
1263 2006 1563 2058 Samnitibus

286 2078 354 2130 est
372 2117 386 2140 ‚
408 2076 573 2145 quoad
593 2088 752 2125 totum
774 2074 826 2125 in
846 2071 1023 2124 vallem
1041 2073 1256 2124 infimam
1279 2073 1564 2125 demitteret

285 2160 492 2212 agmen,
528 2146 579 2193 P.
613 2140 799 2190 Decius
831 2139 1056 2191 tribunus
1087 2138 1299 2191 militum
1320 2179 1333 2201 ,
1371 2140 1566 2208 conspi-

287 2213 358 2263 cit
386 2227 539 2261 unum
564 2207 748 2257 editum
770 2207 820 2256 in
846 2205 967 2255 saltu
992 2205 1169 2256 collem
1186 2244 1201 2266 ,
1225 2205 1568 2258 imminentem

286 2276 500 2330 hostium
533 2273 692 2324 castris
709 2312 721 2333 ,
743 2272 877 2322 aditu
909 2271 1117 2323 arduum
1145 2271 1386 2340 impedito
1411 2272 1567 2339 agmi-

287 2346 337 2396 ni
360 2384 376 2408 ‚
415 2340 656 2410 expeditis
690 2338 823 2390 haud
854 2337 1119 2390 difficilem.
1161 2342 1336 2408 Itaque
1376 2338 1567 2389 consuli?

342 2476 356 2502 1
385 2467 487 2501 Dum
510 2461 552 2501 id
573 2473 680 2499 morae
710 2459 892 2498 Samni-ti·
944 2455 1147 2497 demisiffet
1193 2459 1236 2496 in
1276 2456 1455 2505 vallem,
1488 2458 1564 2496 ubi->

287 2519 353 2557 Thus
376 2517 450 2566 esi]
485 2513 760 2553 CunCtantibus
784 2518 890 2551 Sam-
945 2525 1033 2550 eum
1051 2510 1240 2552 facillime
1255 2508 1472 2565 oppressuri.
1484 2509 1559 2551 fib}

286 2572 430 2613 mitibus
460 2597 469 2616 ,
515 2571 554 2607 δε
590 2565 894 2618 exspestantibus
944 2564 1196 2607 videbamug,

286 2625 381 2668 dum
412 2621 547 2664 consui
586 2631 716 2662 totum
750 2631 897 2674 agmen
