1669 3052
492 146 542 209 L
580 169 601 211 1
641 172 677 213 Β
716 170 755 215 E
793 175 834 219 R
924 154 994 220 X.
1245 184 1280 246 3
1292 189 1323 248 3
1332 190 1374 248 9

105 223 276 275 tunate
306 225 491 292 gestum
522 230 593 283 fit.
628 234 782 286 Multa
813 236 969 306 praelia
995 238 1119 293 locis
1153 245 1207 296 δε
1243 262 1372 300 tem·
1393 262 1583 308 σωκ.

104 289 305 355 poribus
335 293 517 361 iniquis
548 300 791 352 commiffa
814 324 824 349 ε
849 305 1047 374 spesque
1069 308 1118 359 in
1142 311 1243 362 dies
1263 329 1372 382 gra·
1392 311 1476 388 ᾖξε·
1495 319 1584 391 ²322

103 355 291 405 viorern
318 358 503 412 hostem
538 364 780 418 faciebat:
807 371 859 420 δι’
887 370 982 435 jam
1010 392 1160 443 prope
1188 396 1291 430 erat
1316 398 1372 434 ut
1391 370 1502 444 quamq
1521 403 1586 444 sa-

100 435 193 471 nec
216 421 332 473 duci
357 427 533 478 milites
555 469 571 491 ‚
598 448 690 481 nec
719 433 958 487 militibus
982 439 1081 491 dux
1110 445 1220 495 satis
1248 447 1367 500 fide·
1388 447 1431 481 ’ὓ
1461 449 1545 490 sm?

97 498 189 536 ret.
225 489 429 543 Litteras
452 495 510 544 ad
534 497 772 564 collegam
796 502 1123 558 arcessendum
1147 527 1206 562 ex
1228 514 1366 565 Sam·
1388 495 1581 589 ,ῗῖἶρΐζζῗ

97 553 181 602 nio
212 556 364 607 miffas
394 559 443 608 in
473 561 611 611 trinis
648 564 899 618 annalibus
928 570 1139 626 invenio.
1179 588 1193 618 3
1233 580 1445 648 pigetm.

99 631 261 670 tamen
299 623 540 676 incertum
575 646 755 695 ponere
784 670 800 693 ,
840 652 994 701 quum
1024 656 1079 690 ea
1108 642 1207 709 ipsa
1242 646 1373 701 inter

97 687 322 738 consules
344 692 512 759 populi
542 697 741 747 Romani
766 702 859 757 jam
882 701 1060 755 iterum
1085 709 1259 761 eodem
1281 713 1376 766 ho-

98 766 217 802 nore
254 753 515 822 fungentes
544 760 832 832 discrepatio
861 766 1010 820 fuerit
1040 799 1050 831 ;
1088 777 1251 843 Appio
1290 780 1372 831 ab-

71 832 280 878 -nuente
310 822 465 874 missas
490 864 504 886 ‚
542 828 813 882 Volumnio
843 835 1106 889 affirmante
1139 845 1288 911 Appii
1322 849 1371 899 se

94 882 275 936 litteris
316 892 543 944 accitum.
590 900 697 946 Jam
737 897 1030 954 Volumnius
1074 906 1123 955 in
1169 914 1368 965 Samnio

93 950 188 1000 tria
222 953 410 1006 castella
442 974 670 1025 ceperat,
705 963 754 1012 in
790 966 971 1033 quibus
1004 970 1063 1021 ad
1095 974 1185 1025 tria
1214 977 1368 1032 millia

94 1014 311 1069 hostium
348 1024 460 1073 caesa
499 1041 636 1077 erant
668 1066 683 1089 ‚
720 1029 975 1085 dimidium
1012 1037 1113 1088 fere
1144 1041 1248 1105 ejus
1282 1062 1367 1096 ca·

92 1097 262 1151 ptum:
290 1087 340 1137 δε
372 1093 680 1144 Lucanorum
707 1096 967 1150 seditiones
985 1140 1000 1161 ,
1033 1103 1057 1153 a
1088 1104 1291 1172 plebeiis
1314 1114 1367 1162 δε

91 1150 349 1215 egentibus
388 1155 598 1209 ducibus
631 1176 792 1224 ortas,
831 1166 1013 1217 summa
1046 1172 1362 1237 optimatium

86 1215 344 1269 voluntate
383 1238 468 1288 per
503 1228 573 1288 Q.
617 1227 813 1279 Fabium
848 1237 1221 1301 proconsulem,
1253 1244 1362 1294 mis-

84 1281 190 1331 sum
214 1282 275 1334 eb
298 1303 411 1337 cum
431 1292 586 1341 veteri
610 1296 855 1358 exercitu,
875 1302 1230 1369 comprefferat.
1258 1312 1361 1360 De-

83 1348 166 1398 cio
195 1348 563 1420 depopulandos
584 1358 796 1411 hostium
819 1369 958 1431 agros
984 1368 1233 1439 relinquit.
1258 1375 1356 1444 ipse
1407 1402 1553 1437 rotam-

84 1429 199 1465 cum
233 1417 328 1467 suis
367 1437 426 1470 co
464 1421 522 1472 iis
555 1424 604 1474 in
633 1428 872 1480 Etruriam
900 1431 959 1482 ad
986 1434 1223 1504 collegam
1252 1459 1355 1508 per·
1372 1448 1485 1504 „fusse
1504 1452 1552 1485 aa

80 1480 170 1546 git.
209 1500 357 1550 quem
394 1440 733 1542 advenientem
765 1493 858 1545 laeti
893 1515 1062 1551 omnes
1099 1520 1350 1574 accepere.
1372 1499 1537 1543 APW'*

80 1555 108 1588 4
148 1550 366 1617 Appium
401 1570 460 1603 ex
499 1558 794 1610 conscientia
829 1563 910 1613 sua
948 1566 1097 1617 credo
1135 1572 1352 1628 animum

76 1610 293 1667 habuiffe
325 1617 455 1671 haud
483 1621 728 1675 immerito
763 1627 940 1681 iratum
969 1672 982 1693 ,
1023 1633 1055 1683 fi
1086 1636 1208 1688 nihil
1235 1642 1354 1693 scri-

74 1680 260 1746 pserat:
284 1683 540 1750 illiberali,
564 1693 615 1741 δε
640 1691 832 1759 ingrato
863 1697 1057 1761 anim0,
1086 1701 1118 1751 fi
1144 1720 1348 1773 eguerat

75 1762 176 1815 ope
201 1788 216 1810 ‚
256 1750 643 1808 diffimulantem.
684 1761 780 1810 Vix
818 1762 948 1814 enim
984 1766 1135 1820 salute
1175 1775 1350 1827 mutui

76 1814 301 1878 reddita,
332 1836 485 1886 quum
527 1823 725 1875 obviam
772 1829 983 1895 egressus
1026 1834 1174 1900 esset,
1204 1845 1346 1893 Satin'
1387 1858 1563 1898 Alma.

62 1879 245 1943 fizlvae,
271 1883 435 1953 inquit
454 1926 469 1949 ,
494 1892 606 1939 Luci
634 1895 884 1945 Volumni?
899 1915 951 1948 ut
967 1902 1064 1964 fifh
1089 1904 1140 1967 igi
1166 1911 1343 1960 Samnio
1365 1907 1412 1944 '3⁰
1432 1909 1522 1955 ΟΨ·

69 1963 146 1994 res
173 1951 335 1999 habent
353 1953 380 2000 ἒ
396 1958 511 2019 Qua.»
539 1971 584 2005 te
615 1961 778 2022 caufiz,
803 1978 854 2011 ut
877 1969 1129 2031 provincid
1157 1973 1241 2022 tud
1269 1994 1347 2025 ex-

72 2014 250 2065 cederes
266 2052 282 2072 ,
305 2019 486 2069 induxit
503 2022 528 2069 .?
546 2023 839 2078 Volumnius
864 2033 914 2079 in
942 2037 1118 2085 Samnio
1143 2057 1215 2088 res
1233 2056 1346 2106 pro-

57 2080 221 2144 speras
250 2083 326 2148 effi’
357 2084 453 2135 ait:
475 2086 652 2139 litteris
683 2099 776 2151 ejus
809 2099 1007 2148 accitum
1038 2105 1218 2171 vemffl’.
1244 2126 1346 2174 quoe

53 2146 107 2209 st
118 2147 253 2212 fizlsae
271 2153 481 2215 fuerint,
509 2171 589 2204 nec
620 2159 722 2222 ufics
743 2162 906 2229 fuisit
934 2167 984 2215 in
1014 2173 1235 2229 Etruria,
1262 2192 1344 2225 ex-

127 2266 142 2300 3
166 2255 274 2307 Piget
288 2266 410 2297 tamen
423 2260 599 2301 incertum
616 2274 679 2318 po·
733 2269 906 2310 conscius
923 2270 1013 2312 effer
1035 2273 1058 2313 ὲ
1079 2276 1114 2314 se
1132 2290 1211 2318 non
1236 2282 1342 2321 acci·

66 2313 179 2357 nere]
208 2311 341 2349 Multo
368 2316 493 2365 magis
509 2316 677 2367 placeret
734 2333 819 2363 tum
845 2322 917 2364 effe
940 2328 1137 2381 collegam
1151 2360 1161 2378 ‚
1182 2334 1342 2374 habuis-

66 2370 206 2399 certum
227 2373 360 2418 ponere
382 2393 393 2412 ,
426 2367 465 2406 id
492 2368 545 2408 est
561 2397 574 2417 ‚
601 2384 674 2424 pro
730 2376 768 2413 se
797 2380 975 2418 animum
1005 2382 1111 2421 haud
1139 2387 1341 2429 immerit6

69 2422 179 2454 certo
196 2429 339 2469 ponere
356 2448 370 2467 ,
395 2421 574 2462 scribere.
731 2431 875 2470 iratum
908 2448 916 2471 :
950 2434 1128 2474 eumdem
1152 2439 1357 2494 illiberali,

733 2484 775 2522 &
807 2485 964 2538 ingrato
999 2490 1134 2529 animo
1167 2492 1342 2534 diffimu-

121 2534 149 2570 4
184 2526 359 2578 Appium
384 2541 431 2565 ex
460 2530 680 2584 conscientia
732 2534 826 2576 laffe
840 2566 853 2586 ,
875 2538 902 2578 fi
925 2553 1080 2593 eguerat
1103 2556 1176 2596 ope
1193 2575 1205 2593 ‚
1228 2550 1341 2588 auxi-

58 2571 162 2625 fica]
196 2578 324 2617 Credo
346 2583 519 2634 Appium
536 2611 547 2630 ‚
566 2585 592 2624 fi
614 2589 676 2625 ni-
731 2589 908 2644 liumque
948 2593 1112 2648 collegae
1147 2601 1341 2655 implora-

66 2626 127 2667 lu'l
172 2630 374 2686 scripserat
396 2663 411 2687 ,
449 2649 571 2690 quum
607 2638 678 2681 fibi
732 2655 855 2687 verat.
1020 2703 1061 2756 P
1090 2701 1120 2712 Ι.
