1669 3052
372 153 716 214 LinEn
804 130 1021 198 VIII.
1226 139 1339 199 151

67 247 128 298 de
150 255 289 294 atrox
308 233 523 306 praelium
543 228 668 280 fuit:
705 226 753 274 δε
776 257 791 281 ,
813 231 968 285 quum
987 203 1244 275 tempestas
1262 220 1348 252 eos
1374 207 1568 265 U.f.414.

67 306 248 367 neutro
268 299 498 357 inclinata
522 298 600 367 spe
619 293 906 344 dimicantes
927 272 1220 332 diremisset,
1248 272 1351 319 Ro-
1375 257 1462 291 ³³·
1481 252 1568 296 ³³3·

69 376 239 435 mani,
265 369 387 424 nihil
416 385 476 420 eo
510 359 777 415 certamine
813 367 911 403 tam
944 343 1176 410 ambiguo
1215 335 1347 397 feffi,

70 447 122 498 in
143 442 390 512 posterum
410 435 542 485 diem
573 425 790 498 praelium
822 429 1008 488 parant.
1045 405 1238 462 Volscis
1270 419 1353 454 re-

73 507 384 563 censentibus
401 516 528 570 quos
546 499 680 549 viros
702 491 749 540 in
769 489 872 538 acie
893 476 1144 534 amififfent
1158 513 1174 535 ,
1196 468 1356 522 haud-

104 584 323 645 ‘uaquam
341 571 469 621 idem
488 563 675 616 animus
699 557 758 611 ad
780 547 1057 604 iterandum
1075 538 1358 614 periculum

73 598 194 699 iiuit.
227 639 370 693 nocte
393 652 484 704 pro
512 628 655 681 vietis
680 623 885 675 Antium
912 614 1104 683 agmine
1128 603 1324 675 trepido
1339 641 1358 665 ,

79 710 254 764 sauciis
275 722 330 758 ac
348 716 485 773 parte
508 692 972 764 impedimentorum
996 677 1160 730 relicta
1181 714 1196 736 ,
1226 672 1359 724 abiea

78 791 213 834 runt.
257 778 521 825 Armorum
543 776 716 829 magna
729 756 803 809 vis
835 767 941 803 tum
963 748 1089 798 inter
1117 743 1229 794 caesa
1252 755 1364 789 cor-

6 870 8 872 ·
78 862 201 916 pora
232 838 479 896 hostium,
510 847 617 882 tum
657 827 706 876 in
747 818 910 872 castris
947 815 1146 865 inventa
1182 806 1265 859 est.
1297 808 1364 855 Ea

81 924 108 950 2
153 916 264 962 Luae
302 903 444 958 matri
484 899 596 950 dare
639 894 684 943 se
722 885 893 940 consul
934 881 1061 933 dixit
1083 902 1097 941 3
1141 874 1361 940 finesque
1411 885 1489 922 tua
1504 894 1582 922 ma.

80 978 297 1031 hostiurn
313 973 467 1038 usque
486 964 544 1017 ad
568 979 701 1013 oram
722 953 1014 1007 maritimam
1047 945 1114 997 est
1141 943 1365 1009 depopu-
1388 942 1456 975 tef·

84 1047 231 1099 latus.
268 1037 429 1091 Alteri
461 1027 648 1083 consuli
674 1021 874 1075 AEmilio
909 1011 1117 1084 ingresso
1144 1020 1161 1053 ³
1198 1005 1367 1058 Sabel-

85 1113 190 1165 lum
206 1123 375 1177 agrum
390 1142 405 1166 ,
437 1116 540 1153 non
556 1093 705 1147 castra
729 1085 1050 1142 Samnitium,
1089 1093 1186 1131 non
1205 1073 1369 1141 legio-

87 1196 174 1232 nes
193 1178 397 1243 usquam
437 1163 679 1237 oppofitae.
707 1156 840 1209 ferro
871 1150 1073 1220 ignique
1100 1142 1370 1198 vastantem

87 1260 233 1315 agros
255 1237 404 1308 legati
435 1229 726 1286 Samnitium
743 1238 912 1292 pacem
931 1228 1126 1268 orantes
1152 1209 1368 1261 adeunt:
1444 1205 1564 1243 Foedus

89 1313 119 1367 ὲ
156 1328 259 1380 quo
294 1302 461 1372 rejeffi
495 1298 556 1352 ad
590 1298 808 1348 senatum
832 1328 846 1352 ,
879 1281 1117 1354 potestate
1147 1275 1275 1328 faeti·
1303 1271 1377 1325 di·
1399 1258 1591 1342 ζῗζῗὸζξω

92 1377 241 1431 cendi
267 1414 279 1436 ‚
323 1370 489 1442 positis
531 1361 786 1417 ferocibus
827 1351 999 1409 animis
1022 1389 1037 1412 ,
1081 1361 1254 1417 pacem
1292 1340 1380 1392 fibi

97 1447 168 1506 ab,
197 1440 459 1500 RomaniS,
494 1431 715 1500 bellique
753 1426 830 1492 jus
865 1414 1094 1474 adversus
1135 1409 1385 1464 Sidicinos

94 1512 364 1585 petierunt.
399 1510 514 1572 Quae
527 1503 578 1566 se
604 1517 651 1549 eo
667 1493 837 1560 justiics
863 1505 1017 1559 petere
1038 1521 1054 1543 ,
1093 1479 1213 1551 qubd
1237 1479 1296 1533 ἔφ’
1331 1480 1384 1527 in

97 1579 359 1633 amicitiam
377 1569 535 1643 populi
556 1564 747 1618 Romani
754 1558 970 1627 secundis
980 1553 1085 1620 suis
1105 1551 1266 1603 rebus,
1298 1562 1387 1594 non

98 1645 296 1713 adversts
320 1679 334 1701 ‚
375 1657 425 1690 ut
469 1634 730 1703 Campani,
777 1624 993 1693 venzffint
1016 1641 1032 1670 .·
1060 1618 1118 1673 &¹
1158 1615 1388 1666 adversm⁵

102 1717 327 1769 Sidicinos
351 1711 582 1774 sumerent
603 1716 731 1750 arma
746 1732 761 1754 ,
772 1697 877 1760 suos
900 1693 1079 1758 semper
1106 1684 1243 1747 hostes
1259 1717 1273 1737 ,
1302 1693 1392 1747 po-

99 1782 210 1854 puli
225 1777 414 1831 Romani
430 1786 662 1838 nunquam
683 1765 852 1815 amicos
865 1797 879 1819 ,
900 1758 984 1826 qui
1001 1773 1079 1804 nec
1097 1788 1112 1810 ,
1133 1767 1183 1800 ut
1207 1747 1393 1799 Samni-

107 1868 177 1902 tes
195 1885 211 1909 ,
238 1849 288 1898 in
304 1860 416 1913 pace
455 1837 713 1890 amicitiam
734 1867 750 1888 ,
773 1847 853 1880 nec
876 1863 892 1887 ‚
935 1839 985 1873 ut
1016 1817 1237 1885 Campani
1259 1851 1276 1871 ,
1313 1832 1393 1863 au-

107 1917 274 1970 xilium
307 1914 358 1961 in
393 1907 513 1959 bello
540 1901 744 1971 petzffent
767 1934 782 1954 ,
816 1913 895 1944 nec
919 1894 968 1944 in
983 1890 1081 1959 fide
1112 1882 1272 1955 populi
1298 1887 1395 1931 Ro-

106 1985 235 2037 mani
250 2018 265 2040 ,
295 1989 376 2029 ne&
396 1978 445 2026 in
464 1974 634 2024 ditione
656 1966 803 2035 effent.

177 2053 242 2102 11.
281 2050 458 2110 Quum
478 2038 539 2090 de
560 2033 811 2107 postulatis
832 2023 1123 2085 Samnitium
1135 2018 1212 2069 Ti.
1236 2012 1394 2066 AEmi-

112 2119 208 2172 lius
267 2128 408 2166 raetot
431 2111 647 2160 senatum
680 2091 990 2153 consuluisset
1011 2131 1025 2154 ,
1063 2083 1396 2149 reddendum-

117 2202 216 2261 que
274 2183 314 2233 is
334 2176 505 2230 foedus
529 2175 696 2225 Patres
712 2160 1000 2219 censuissent
1017 2198 1032 2222 ,
1064 2168 1240 2226 ptaetor
1264 2155 1395 2202 Sam—

117 2252 303 2308 nitibus
326 2241 601 2315 respondit:
637 2245 762 2296 Nec,
798 2232 1039 2301 quominus
1056 2237 1274 2294 perpetua
1292 2232 1398 2267 cum

175 2414 198 2440 2
227 2403 314 2440 Luae
340 2393 483 2443 matri]
509 2394 589 2429 Lna
616 2395 732 2427 mater
843 2394 858 2429 3
883 2374 1071 2421 Sabellum
1097 2371 1257 2425 agrum]
1285 2368 1398 2403 same

122 2456 259 2497 eadem
284 2452 361 2499 est,
381 2459 467 2502 quae
493 2446 625 2498 saepius
656 2442 734 2494 Ops
787 2438 953 2476 niticum
980 2440 1135 2482 agrurn.
1181 2419 1369 2461 Samnites
1384 2443 1401 2464 2

65 2533 70 2534 ν
127 2513 169 2549 ὃς
191 2507 294 2546 Rhea
312 2505 539 2544 nominatur
558 2527 572 2547 ‚
600 2498 641 2535 δε
662 2507 733 2546 pu·
789 2490 871 2530 alio
897 2487 1057 2527 nomine
1083 2474 1251 2518 Sabellos
1277 2471 1400 2511 dietos

125 2575 230 2603 tatur
246 2557 319 2600 effe
331 2563 453 2598 Terra
470 2554 566 2607 ipsa.
584 2555 642 2590 De
657 2553 735 2587 Lua
790 2541 864 2584 effe
904 2539 1005 2581 testis
1046 2534 1098 2575 est
1135 2531 1235 2570 Plin.
1268 2526 1297 2565 l.
1326 2527 1400 2564 111,

129 2628 255 2656 matre
272 2613 421 2653 mentio
437 2610 579 2647 itet‘um
598 2615 736 2643 occut-
792 2611 825 2638 c,
850 2608 911 2634 12.
935 2595 1027 2646 quia
1051 2598 1188 2638 nempe
1214 2582 1236 2621 εὶ
1254 2579 1406 2622 Sabinis

130 2672 182 2714 xit
197 2666 297 2724 apud
311 2663 488 2707 nostrum
501 2691 516 2713 ,
533 2663 653 2702 XLV,
675 2669 689 2707 3
704 2668 737 2705 3·
795 2653 874 2693 otti
891 2659 1016 2691 etant.

1072 2696 1119 2747 G
1152 2688 1221 2758 iiij
