1680 3110
324 101 445 159 128
735 104 1268 174 T.L1v11

102 194 350 240 U.c.412.o
387 196 675 251 pugnarent.
721 186 930 253 Legatos
970 190 1140 259 itaque
1176 196 1427 264 extemplo
1462 199 1597 254 mitti

103 245 344 334 afikjffiw
417 251 656 299 Samnites
689 250 894 317 placuit.
933 254 1043 307 data
1070 261 1324 325 mandata,
1357 280 1410 313 ut
1437 279 1592 332 preces

107 338 204 376 Rom,
236 339 284 372 aa
321 321 682 381 Campanorum,
711 325 729 360 ³
758 323 1206 390 responsumftnatn'i
1228 332 1448 383 amicitiae
1468 336 1594 382 Sarn-
1668 342 1671 345 ’

108 386 295 427 samnites.
318 382 489 429 uitium
506 401 676 432 memor
690 419 707 441 ,
727 387 999 438 deditionem
1014 393 1229 457 postremo
1240 398 1420 460 fidiam
1433 433 1449 454 ,
1467 405 1590 448 Sam-

316 449 495 496 nitibus
521 464 809 518 exponerent..
837 460 1045 504 Peterem
1064 472 1148 524 pro
1169 463 1387 524 societate
1421 468 1591 515 amici-

319 514 509 579 tiaque,
535 532 586 564 ut
606 519 838 568 dedititiis
846 524 949 584 suis
957 536 1199 589 parcerent
1219 549 1235 576 .·
1257 547 1399 595 neque
1417 531 1466 578 in
1489 549 1589 582 eum

317 597 483 645 agrum
500 617 517 640 ‚
551 584 636 648 qui
660 585 822 652 populi
849 592 1040 638 Romani
1061 593 1219 655 fabius
1248 596 1376 660 effet,
1410 597 1590 659 hostilia

316 664 446 695 arma
469 649 707 712 inferrent.
741 655 790 700 Si
816 652 982 703 leniter
1010 661 1180 721 agendo
1203 673 1370 726 parum
1397 664 1589 728 profice-

315 727 419 760 rent
438 748 454 769 ,
479 715 801 773 denunciarent
829 723 1108 772 Samnitibus
1129 726 1290 792 populi
1308 732 1499 778 Romani
1516 732 1590 794 fh-

315 778 542 845 natasque
563 784 721 831 verbis
736 819 754 839 ,
773 800 825 832 ut
848 786 1004 853 Capud
1020 792 1129 838 urbe
1150 798 1460 860 Campanoque
1479 815 1587 861 agro

316 846 606 907 abstinerent.
647 850 764 898 Haec
796 849 970 917 legatis
998 856 1257 921 agentibus
1292 857 1341 908 in
1375 862 1590 913 concilio

305 909 612 963 'Samnitium
629 952 644 975 ‚
670 914 792 966 adeo
828 916 894 967 est
931 918 1167 972 ferociter
1197 925 1472 992 responsum
1494 966 1510 989 ‚
1533 942 1591 980 ut

317 995 421 1028 non
441 977 595 1030 solum
618 981 838 1048 gesturos
869 985 913 1035 se
941 985 1032 1037 effe
1059 987 1281 1040 dicerent
1301 991 1353 1041 id
1374 991 1556 1046 bellum
1573 1035 1590 1056 ,

315 1043 401 1094 :sed
436 1045 740 1112 magistratus
771 1066 943 1102 eorum
967 1052 994 1104 ὲ
1028 1056 1166 1106 curia
1200 1058 1398 1124 egreffi,
1431 1059 1589 1111 stanti-

311 1109 413 1160 bus
434 1109 608 1177 legatis
624 1152 640 1175 ‚
664 1114 916 1182 praefestos
936 1118 1216 1174 cohortium
1239 1142 1495 1188 vocarent,
1515 1128 1589 1178 iis·

317 1193 418 1243 que
454 1177 581 1229 clara
618 1197 744 1231 voce
779 1182 1072 1251 imperarent
1101 1225 1117 1249 ,
1155 1203 1212 1239 ut
1242 1191 1505 1257 praedatum
1537 1194 1586 1244 in

314 1257 488 1309 agrum
511 1247 818 1314 Campanum
844 1253 1089 1318 externplo
1114 1255 1555 1321 proficiscerentur.

381 1312 578 1364 XXXII.
603 1316 709 1363 Hac
732 1313 975 1382 legatione
998 1322 1201 1371 Romam
1227 1322 1400 1384 relata,
1424 1325 1593 1392 positi-s

311 1377 539 1428 omnium
568 1378 773 1431 aliarum
804 1399 968 1434 rerum
1006 1386 1170 1449 curis,
1198 1390 1366 1440 Patres
1400 1390 1587 1444 feciali-

290 1439 407 1493 'bus
437 1442 498 1493 ad
534 1461 609 1496 res
642 1449 926 1515 repetendas
951 1452 1128 1515 miffis,
1165 1454 1398 1525 belloque
1419 1497 1436 1520 ,
1469 1460 1586 1526 quia

312 1523 414 1558 non
438 1510 758 1565 redderentur
777 1553 793 1575 ‚
816 1516 998 1568 solenni
1027 1537 1161 1571 more
1182 1521 1369 1574 indiero
1385 1563 1398 1584 ,
1417 1525 1587 1577 decre-

312 1591 496 1628 verunt
519 1616 535 1638 ‚
577 1594 633 1630 ut
664 1580 821 1646 primo
856 1602 1058 1651 quoque
1096 1603 1317 1656 tempore
1349 1589 1410 1640 de
1442 1609 1497 1642 ea
1532 1611 1585 1645 re

311 1640 375 1691 ad
424 1643 628 1710 opulum
647 1646 885 1701 ferretur:
902 1650 1126 1721 jussuque
1145 1655 1342 1723 populi,
1362 1658 1586 1711 consules

309 1723 391 1757 am
429 1727 460 1759 o
474 1727 591 1761 cum
606 1711 801 1764 duobus
822 1716 880 1766 ab
897 1718 1016 1768 urbe
1031 1721 1329 1773 exercitibus
1348 1723 1583 1790 profeffi,

310 1773 543 1827 Valerius
577 1778 626 1828 in
660 1781 978 1850 Campaniam
1011 1823 1026 1845 ‚
1064 1787 1331 1839 Cornelius
1358 1789 1409 1840 in
1446 1794 1584 1844 Sam·

313 1839 485 1903 nium,
508 1843 592 1895 ille
624 1846 683 1896 ad
718 1863 939 1900 montem
969 1855 1221 1915 Gaurum,
1251 1853 1334 1905 hic
1365 1855 1427 1906 ad
1462 1860 1585 1910 Sati-

147 1915 282 1954 neelum
317 1907 495 1972 culam,
512 1910 659 1975 castra
679 1930 886 1981 ponunt.
906 1918 1063 1968 Priori
1081 1920 1278 1971 Valerio
1295 1924 1585 1980 Samnitium

103 1971 292 2049 sqnpbsam-
313 1972 535 2042 legiones
568 1978 670 2040 (eo
702 1997 912 2051 namque
940 2001 1135 2036 omnem
1162 1987 1277 2036 belli
1303 1989 1482 2041 molem
1504 1993 1582 2044 in-

99 2023 167 2049 mn
191 2027 239 2050 ω’
311 2040 602 2094 clinaturam
649 2047 909 2100 censebant
936 2052 957 2113 )
1004 2068 1290 2104 occurrunt.
1342 2055 1479 2108 simul
1528 2060 1580 2110 in

309 2109 592 2176 Campanos
624 2111 896 2166 stimulabat
933 2117 999 2167 ira
1019 2157 1032 2177 ‚
1050 2132 1145 2167 tam
1168 2137 1308 2188 prom
1347 2137 1425 2172 tos
1450 2141 1580 2177 nunc

310 2174 371 2224 ad
407 2174 605 2227 ferenda
643 2216 658 2239 ‚
696 2196 828 2232 nunc
867 2182 926 2232 ad
965 2184 1235 2235 arceffenda
1272 2205 1296 2238 a
1335 2189 1502 2242 versus
1536 2196 1583 2246 se

309 2240 506 2293 auxilia.
549 2249 615 2294 Ut
643 2246 764 2296 vero
795 2248 942 2299 castra
969 2252 1183 2303 Romana
1212 2253 1445 2305 viderunt
1465 2293 1480 2316 ,
1512 2258 1595 2310 fe-

308 2308 495 2359 rociter
527 2328 615 2377 pro
647 2312 691 2362 se
724 2313 931 2382 quisque
963 2315 1150 2384 fignum
1174 2318 1326 2370 duces
1349 2323 1544 2388 poscere
1562 2349 1579 2390 3

366 2440 380 2473 3
414 2429 657 2482 Responsum.
725 2462 736 2473 .
754 2441 915 2485 memor]
971 2438 1086 2476 tium.
1111 2438 1305 2479 Audacii‘is
1327 2440 1456 2481 adhuc
1481 2445 1582 2487 dixit

304 2481 548 2532 Responsum
573 2512 584 2530 ‚
615 2497 659 2522 ex
689 2499 769 2538 quo
797 2500 915 2540 appa·
971 2493 1125 2540 Livius,
1163 2498 1192 2530 I.
1220 2495 1285 2530 28.
1318 2495 1494 2548 Exempli
1513 2512 1584 2553 pa-

306 2546 404 2574 reret
424 2536 597 2575 senatum
617 2537 810 2578 retinuisse
830 2555 914 2579 me·
970 2559 1050 2581 rum
1070 2547 1237 2587 memoris
1255 2545 1375 2601 legum
1393 2548 1576 2591 bumana-

303 2590 475 2631 moriam
522 2592 705 2634 amicitiae
762 2597 913 2637 Samni·
971 2611 1069 2639 rum.
