1680 3110
282 145 366 206 85
675 145 1166 219 T.L1v11

74 225 469 293 v.c.393,filcntio
502 225 633 277 facio
659 264 674 288 ,
709 227 893 297 templa
927 227 1135 281 deorum
1171 228 1563 291 immortalium,

72 296 386 363 ²·C·359·quae
423 293 535 344 foro
579 295 871 355 imminent,
902 296 1310 365 Capitoliumque
1356 297 1560 347 intuen-

278 377 376 412 tem
397 399 413 421 ,
448 363 498 410 &
530 377 701 411 manus
736 378 869 412 nunc
897 363 952 413 in
985 363 1210 423 coelum,
1236 381 1366 414 nunc
1396 364 1447 413 in
1474 381 1560 430 pa·

276 443 438 478 tentes
473 442 611 478 terrae
647 427 812 481 hiatus
849 429 910 480 ad
946 430 1065 481 deos
1101 435 1268 481 Manes
1300 431 1557 499 porrigen-

274 510 406 554 tem,
427 495 473 544 se
508 494 769 548 devoviffe.
803 514 828 546 e
869 515 936 548 uo
969 497 1146 548 deinde
1178 495 1329 566 quam
1359 510 1559 563 poterat

272 560 482 612 maxime
512 579 751 613 exornato
788 565 838 615 in
859 564 1077 616 identem
1098 603 1114 626 ‚
1149 578 1390 615 armatum
1426 565 1471 613 se
1504 563 1557 613 in

270 630 472 697 specum
510 628 745 680 immisiffe
777 670 791 692 ,
831 631 1060 700 donaque
1104 649 1160 682 ac
1200 630 1367 698 fruges
1407 631 1558 697 super

273 712 387 746 eum
420 695 446 745 ὲ
477 696 796 749 multitudine
819 699 1041 749 virorum
1061 715 1118 748 ac
1151 698 1415 748 mulierum
1437 713 1560 747 con-

272 762 429 828 gestas
448 763 745 832 :lacumque
765 766 1001 816 Curtium
1019 805 1035 826 ,
1060 781 1158 815 non
1183 764 1240 815 ab
1264 765 1470 832 antiquo
1491 763 1559 814 i'l-

272 829 325 879 lo
359 833 415 881 T.
452 830 580 880 Tatii
616 831 774 882 milite
808 833 993 883 Curtio
1018 833 1199 882 Mettio
1219 871 1233 893 ‚
1256 831 1336 881 sed
1369 831 1428 881 ab
1456 830 1559 880 hoc

274 895 589 964 appellatum.
611 900 746 949 Cura
771 915 869 949 non
893 898 1073 949 dee-sset
1090 939 1105 960 ,
1127 899 1159 948 fi
1180 917 1276 967 qua
1296 897 1356 949 ad
1383 914 1561 948 verum·

276 964 356 1014 via
378 964 712 1031 inquirentem
740 965 890 1016 ferret
911 983 922 1014 :
945 984 1076 1017 nunc
1100 965 1225 1017 fama
1250 983 1413 1015 rerum
1435 963 1564 1015 stan-

277 1030 396 1081 dum
419 1031 485 1081 est
504 1071 519 1093 ‚
540 1032 626 1082 ubi
650 1047 835 1084 certam
857 1033 1061 1100 derogat
1081 1032 1292 1084 vetustas
1316 1031 1478 1082 fidem.
1503 1034 1559 1082 ὃς

274 1096 409 1149 lacus
442 1115 622 1149 nomen
655 1099 715 1150 ab
746 1095 839 1150 hac'
873 1100 1149 1151 recentiore
1181 1099 1456 1168 insignitius
1493 1096 1561 1148 fa-

276 1164 391 1215 bula
431 1166 516 1218 est.
560 1166 675 1217 Post
715 1167 839 1216 tanti
876 1168 1087 1235 prodigii
1124 1168 1559 1236 procurationem,

114 1228 247 1312 WI‘JW
277 1232 454 1283 eodem
502 1249 629 1283 anno
670 1233 731 1285 de
771 1235 1001 1287 Hernicis
1039 1236 1291 1286 consultus
1328 1236 1559 1292 senatus,

66 1287 168 1361 ζ’ἑῗζ,
215 1290 436 1374 er'qupm
469 1299 669 1351 feciales
703 1300 762 1352 acl
798 1319 873 1352 res
911 1301 1198 1364 repetendas
1226 1302 1566 1369 nequicquam-

276 1367 467 1418 mififl'et
483 1407 497 1428 ,
521 1368 680 1435 primo
705 1386 910 1437 quoque
933 1369 1013 1420 die
1039 1368 1297 1420 ferendum
1320 1367 1378 1418 ad
1401 1385 1560 1437 popum

273 1434 380 1485 lum
411 1433 472 1484 de
499 1434 635 1484 bello
666 1435 933 1487 indicendo
969 1437 1197 1487 Hernicis
1233 1437 1421 1487 censuit
1445 1452 1456 1484 z
1476 1452 1561 1503 po-

274 1501 520 1570 pulusque
542 1501 592 1551 id
617 1501 804 1553 bellum
828 1502 1060 1571 frequens
1079 1503 1222 1568 juffit.
1246 1508 1299 1554 L.
1326 1501 1561 1553 Genucio
1578 1496 1591 1510 '

275 1568 465 1620 consuli
495 1587 550 1619 ea
572 1570 828 1638 provincia
856 1571 984 1621 sorte
1013 1572 1194 1623 evenit.
1228 1576 1287 1620 In
1317 1567 1562 1638 exspesta-

278 1637 416 1686 tione
451 1636 623 1687 civitas
661 1652 797 1697 erat,
825 1636 966 1705 quod
995 1638 1179 1704 primus
1207 1637 1290 1689 ille
1322 1637 1382 1687 de
1415 1634 1559 1704 plebe

275 1702 447 1758 consul
469 1702 653 1754 bellum
679 1705 775 1755 suis
795 1704 1018 1772 auspiciis
1039 1706 1260 1772 gesturus
1285 1702 1432 1762 effet3
1455 1719 1561 1771 per-

275 1769 391 1821 inde
425 1785 483 1820 ut
511 1771 732 1822 eveniret
758 1789 833 1821 res
853 1809 868 1831 ‚
893 1773 959 1822 ita
984 1774 1377 1824 communicatos
1402 1769 1563 1819 hono-

273 1855 352 1889 res
375 1856 465 1907 pro
488 1838 614 1888 bene
639 1853 723 1890 aut
745 1839 882 1889 secus
909 1840 1135 1891 consulto
1156 1839 1397 1890 habitura.
1418 1836 1561 1887 Forte

278 1905 347 1957 ita
380 1905 498 1956 tulit
533 1907 669 1955 casus
706 1919 763 1956 ut
798 1907 1054 1957 Genucius
1089 1906 1150 1959 ad
1181 1907 1343 1957 hostes
1381 1918 1566 1971 magno

278 1988 464 2023 conatu
495 1970 751 2040 profeEtus
785 2010 800 2033 ,
837 1973 886 2022 in
920 1972 1112 2025 infidias
1143 1975 1567 2044 praecipitaretur3

277 2038 560 2107 legionibus
582 2039 878 2107 necopinato
901 2058 1082 2109 pavore
1103 2039 1245 2102 fufis,
1277 2037 1444 2090 consul
1465 2039 1560 2088 cir-

278 2121 576 2158 cumventus
610 2106 669 2156 ab
702 2108 867 2157 insciis
902 2126 1050 2173 quem
1088 2107 1439 2159 interfecissent
1473 2122 1561 2154 oc·-

275 2174 545 2225 cideretur.
584 2174 742 2237 Quod
777 2174 862 2224 ubi
899 2174 965 2225 est
998 2177 1202 2226 Romam
1238 2176 1562 2232 nunciatum,

275 2259 593 2309 nequaquam
629 2238 819 2291 tantum
854 2240 1052 2310 publica
1087 2243 1359 2294 calamitate
1392 2237 1563 2310 moe-sti

275 2313 447 2360 Patres
465 2347 479 2369 ,
513 2307 751 2375 quantum
779 2306 973 2359 seroces
997 2308 1186 2361 infelici
1216 2307 1428 2360 consulis
1455 2306 1565 2374 ple--

276 2375 379 2426 beii
418 2374 569 2426 duciu
608 2412 622 2436 ‚
662 2373 881 2426 fremunt
924 2377 1154 2428 omnibus
1194 2377 1316 2428 locis
1344 2414 1361 2436 ‚
1399 2382 1562 2430 Irent,

275 2459 484 2494 crearent
518 2441 719 2506 consules
754 2461 804 2491 ex
832 2443 967 2511 plebe
988 2448 1323 2512 ,transferrent
1354 2442 1563 2510 auspicia

273 2511 362 2578 qu&
404 2513 530 2576 nefas
568 2509 685 2575 effen
737 2511 925 2578 Potm'ffi
968 2518 1125 2561 Patres
1166 2512 1403 2578 plebiscito
1438 2507 1570 2576 pelli

274 2581 516 2626 honorzbus
543 2579 648 2641 suis
685 2598 699 2625 .·
737 2596 844 2627 nam
883 2586 1023 2628 ettam
1057 2582 1107 2628 in
1142 2581 1242 2628 deos
1277 2574 1565 2626 immortales.
1640 2584 1642 2592 '

273 2645 610 2713 inauspicatam
650 2643 799 2711 legem
838 2644 1031 2715 valuzffi·
1078 2648 1108 2699 ἓ
1151 2643 1404 2713 Vindicaffi.³
1441 2643 1563 2710 ipfhl*
