<?xml version="1.0" encoding="UTF-8"?>
<!DOCTYPE html PUBLIC "-//W3C//DTD XHTML 1.0 Transitional//EN"
    "http://www.w3.org/TR/xhtml1/DTD/xhtml1-transitional.dtd">
<html xmlns="http://www.w3.org/1999/xhtml" xml:lang="en" lang="en">
 <head>
  <title>
</title>
<meta http-equiv="Content-Type" content="text/html;charset=utf-8" />
  <meta name='ocr-system' content='tesseract 3.04.00' />
  <meta name='ocr-capabilities' content='ocr_page ocr_carea ocr_par ocr_line ocrx_word'/>
</head>
<body>
  <div class='ocr_page' id='page_1' title='image "./tliviipatavinihi0102livy/tliviipatavinihi0102livy_0126.png"; bbox 0 0 1680 3110; ppageno 0'>
   <div class='ocr_carea' id='block_1_1' title="bbox 117 243 1672 890">
    <p class='ocr_par' dir='ltr' id='par_1_1' title="bbox 117 243 1672 347">
     <span class='ocr_line' id='line_1_1' title="bbox 117 243 1672 347; baseline 0.04 -67"><span class='ocrx_word' id='word_1_1' title='bbox 117 243 204 281; x_wconf 59' lang='grc' dir='ltr'>ιε.</span> <span class='ocrx_word' id='word_1_2' title='bbox 221 253 308 291; x_wconf 85' lang='lat'><strong>346·</strong></span> <span class='ocrx_word' id='word_1_3' title='bbox 333 245 507 297; x_wconf 86' lang='lat' dir='ltr'>sumit:</span> <span class='ocrx_word' id='word_1_4' title='bbox 533 265 788 314; x_wconf 77' lang='lat' dir='ltr'>praetorem</span> <span class='ocrx_word' id='word_1_5' title='bbox 810 261 1095 319; x_wconf 78' lang='lat' dir='ltr'>maritimam</span> <span class='ocrx_word' id='word_1_6' title='bbox 1117 290 1252 328; x_wconf 86' lang='lat' dir='ltr'>oram</span> <span class='ocrx_word' id='word_1_7' title='bbox 1275 284 1423 333; x_wconf 84' lang='lat' dir='ltr'>tutari</span> <span class='ocrx_word' id='word_1_8' title='bbox 1438 325 1454 347; x_wconf 86' lang='lat'><em>,</em></span> <span class='ocrx_word' id='word_1_9' title='bbox 1481 291 1608 342; x_wconf 58' lang='lat' dir='ltr'>Grae„</span> <span class='ocrx_word' id='word_1_10' title='bbox 1634 299 1643 302; x_wconf 62' lang='lat'><strong>⁴</strong></span> <span class='ocrx_word' id='word_1_11' title='bbox 1664 313 1672 318; x_wconf 83' lang='lat'><strong>·</strong></span> 
     </span>
    </p>

    <p class='ocr_par' dir='ltr' id='par_1_2' title="bbox 330 314 1604 418">
     <span class='ocr_line' id='line_1_2' title="bbox 330 314 1604 418; baseline 0.041 -60"><span class='ocrx_word' id='word_1_12' title='bbox 330 314 515 381; x_wconf 86' lang='lat' dir='ltr'>cosque</span> <span class='ocrx_word' id='word_1_13' title='bbox 549 333 714 369; x_wconf 86' lang='lat' dir='ltr'>arcere</span> <span class='ocrx_word' id='word_1_14' title='bbox 756 321 1008 381; x_wconf 87' lang='lat' dir='ltr'>littoribus</span> <span class='ocrx_word' id='word_1_15' title='bbox 1039 335 1190 400; x_wconf 77' lang='lat' dir='ltr'>justit.</span> <span class='ocrx_word' id='word_1_16' title='bbox 1230 347 1284 396; x_wconf 85' lang='lat'>&amp;</span> <span class='ocrx_word' id='word_1_17' title='bbox 1311 386 1326 408; x_wconf 93' lang='lat'>,</span> <span class='ocrx_word' id='word_1_18' title='bbox 1361 369 1515 418; x_wconf 90' lang='lat' dir='ltr'>quum</span> <span class='ocrx_word' id='word_1_19' title='bbox 1552 357 1604 410; x_wconf 85' lang='lat' dir='ltr'>in</span> 
     </span>
    </p>

    <p class='ocr_par' dir='ltr' id='par_1_3' title="bbox 327 383 1602 492">
     <span class='ocr_line' id='line_1_3' title="bbox 327 383 1602 492; baseline 0.043 -70"><span class='ocrx_word' id='word_1_20' title='bbox 327 394 499 443; x_wconf 81' lang='lat' dir='ltr'>agrum</span> <span class='ocrx_word' id='word_1_21' title='bbox 534 383 852 454; x_wconf 83' lang='lat' dir='ltr'>Pomptinum</span> <span class='ocrx_word' id='word_1_22' title='bbox 885 394 1203 458; x_wconf 66' lang='lat' dir='ltr'>descendisset</span> <span class='ocrx_word' id='word_1_23' title='bbox 1231 449 1246 471; x_wconf 90' lang='lat'>,</span> <span class='ocrx_word' id='word_1_24' title='bbox 1287 417 1402 480; x_wconf 90' lang='lat' dir='ltr'>quia</span> <span class='ocrx_word' id='word_1_25' title='bbox 1438 437 1602 492; x_wconf 88' lang='lat' dir='ltr'>neque</span> 
     </span>
    </p>

    <p class='ocr_par' dir='ltr' id='par_1_4' title="bbox 321 442 1598 553">
     <span class='ocr_line' id='line_1_4' title="bbox 321 442 1598 553; baseline 0.042 -64"><span class='ocrx_word' id='word_1_26' title='bbox 321 442 374 491; x_wconf 87' lang='lat' dir='ltr'>in</span> <span class='ocrx_word' id='word_1_27' title='bbox 408 447 588 513; x_wconf 87' lang='lat' dir='ltr'>campis</span> <span class='ocrx_word' id='word_1_28' title='bbox 618 458 856 522; x_wconf 84' lang='lat' dir='ltr'>congredi</span> <span class='ocrx_word' id='word_1_29' title='bbox 887 464 1019 515; x_wconf 67' lang='lat' dir='ltr'>nulla</span> <span class='ocrx_word' id='word_1_30' title='bbox 1050 485 1262 540; x_wconf 86' lang='lat' dir='ltr'>cogente</span> <span class='ocrx_word' id='word_1_31' title='bbox 1290 497 1340 530; x_wconf 88' lang='lat' dir='ltr'>re</span> <span class='ocrx_word' id='word_1_32' title='bbox 1372 486 1598 553; x_wconf 84' lang='lat' dir='ltr'>volebat,</span> 
     </span>
    </p>

    <p class='ocr_par' dir='ltr' id='par_1_5' title="bbox 319 510 1595 616">
     <span class='ocr_line' id='line_1_5' title="bbox 319 510 1595 616; baseline 0.042 -61"><span class='ocrx_word' id='word_1_33' title='bbox 319 510 372 559; x_wconf 85' lang='lat'>&amp;</span> <span class='ocrx_word' id='word_1_34' title='bbox 394 512 704 578; x_wconf 81' lang='lat' dir='ltr'>prohibendo</span> <span class='ocrx_word' id='word_1_35' title='bbox 726 526 1126 594; x_wconf 85' lang='lat' dir='ltr'>populationibus</span> <span class='ocrx_word' id='word_1_36' title='bbox 1148 559 1275 608; x_wconf 88' lang='lat' dir='ltr'>quos</span> <span class='ocrx_word' id='word_1_37' title='bbox 1293 564 1432 616; x_wconf 81' lang='lat' dir='ltr'>rapto</span> <span class='ocrx_word' id='word_1_38' title='bbox 1454 554 1595 607; x_wconf 89' lang='lat' dir='ltr'>vive-</span> 
     </span>
    </p>

    <p class='ocr_par' dir='ltr' id='par_1_6' title="bbox 315 582 1595 748">
     <span class='ocr_line' id='line_1_6' title="bbox 315 582 1595 676; baseline 0.042 -54"><span class='ocrx_word' id='word_1_39' title='bbox 315 591 370 625; x_wconf 87' lang='lat' dir='ltr'>re</span> <span class='ocrx_word' id='word_1_40' title='bbox 412 582 661 634; x_wconf 77' lang='lat' dir='ltr'>neceffitas</span> <span class='ocrx_word' id='word_1_41' title='bbox 701 605 903 657; x_wconf 87' lang='lat' dir='ltr'>cogeret</span> <span class='ocrx_word' id='word_1_42' title='bbox 928 634 944 658; x_wconf 84' lang='lat'>‚</span> <span class='ocrx_word' id='word_1_43' title='bbox 982 602 1092 652; x_wconf 83' lang='lat' dir='ltr'>satis</span> <span class='ocrx_word' id='word_1_44' title='bbox 1135 606 1320 662; x_wconf 85' lang='lat' dir='ltr'>domari</span> <span class='ocrx_word' id='word_1_45' title='bbox 1361 619 1595 676; x_wconf 85' lang='lat' dir='ltr'>credebat</span> 
     </span>
     <span class='ocr_line' id='line_1_7' title="bbox 315 639 1423 748; baseline 0.042 -59"><span class='ocrx_word' id='word_1_46' title='bbox 315 639 506 695; x_wconf 88' lang='lat' dir='ltr'>hostem</span> <span class='ocrx_word' id='word_1_47' title='bbox 526 685 543 707; x_wconf 89' lang='lat'>‚</span> <span class='ocrx_word' id='word_1_48' title='bbox 568 648 737 705; x_wconf 85' lang='lat' dir='ltr'>locum</span> <span class='ocrx_word' id='word_1_49' title='bbox 759 658 994 714; x_wconf 88' lang='lat' dir='ltr'>idoneum</span> <span class='ocrx_word' id='word_1_50' title='bbox 1015 666 1200 724; x_wconf 84' lang='lat' dir='ltr'>stativis</span> <span class='ocrx_word' id='word_1_51' title='bbox 1223 675 1423 748; x_wconf 87' lang='lat' dir='ltr'>delegit.</span> 
     </span>
    </p>

    <p class='ocr_par' dir='ltr' id='par_1_7' title="bbox 376 713 1588 823">
     <span class='ocr_line' id='line_1_8' title="bbox 376 713 1588 823; baseline 0.041 -65"><span class='ocrx_word' id='word_1_52' title='bbox 376 713 553 765; x_wconf 89' lang='lat' dir='ltr'>XXVI.</span> <span class='ocrx_word' id='word_1_53' title='bbox 586 718 681 768; x_wconf 88' lang='lat' dir='ltr'>Ubi</span> <span class='ocrx_word' id='word_1_54' title='bbox 705 739 859 790; x_wconf 89' lang='lat' dir='ltr'>quum</span> <span class='ocrx_word' id='word_1_55' title='bbox 891 729 1177 789; x_wconf 84' lang='lat' dir='ltr'>stationibus</span> <span class='ocrx_word' id='word_1_56' title='bbox 1206 745 1362 810; x_wconf 85' lang='lat' dir='ltr'>quieti</span> <span class='ocrx_word' id='word_1_57' title='bbox 1394 764 1588 823; x_wconf 88' lang='lat' dir='ltr'>tempus</span> 
     </span>
    </p>

    <p class='ocr_par' dir='ltr' id='par_1_8' title="bbox 307 785 1584 890">
     <span class='ocr_line' id='line_1_9' title="bbox 307 785 1584 890; baseline 0.042 -68"><span class='ocrx_word' id='word_1_58' title='bbox 307 786 528 830; x_wconf 83' lang='lat' dir='ltr'>tererent</span> <span class='ocrx_word' id='word_1_59' title='bbox 555 818 571 840; x_wconf 88' lang='lat'><strong>‚</strong></span> <span class='ocrx_word' id='word_1_60' title='bbox 604 785 776 840; x_wconf 76' lang='lat' dir='ltr'>Gallus</span> <span class='ocrx_word' id='word_1_61' title='bbox 810 799 1035 868; x_wconf 73' lang='lat' dir='ltr'>processit</span> <span class='ocrx_word' id='word_1_62' title='bbox 1062 809 1398 874; x_wconf 86' lang='lat' dir='ltr'>magnitudine</span> <span class='ocrx_word' id='word_1_63' title='bbox 1434 834 1584 890; x_wconf 87' lang='lat' dir='ltr'>atque</span> 
     </span>
    </p>
   </div>
   <div class='ocr_carea' id='block_1_2' title="bbox 301 843 1580 1018">
    <p class='ocr_par' dir='ltr' id='par_1_9' title="bbox 301 843 1580 1018">
     <span class='ocr_line' id='line_1_10' title="bbox 305 843 1580 969; baseline 0.042 -81"><span class='ocrx_word' id='word_1_64' title='bbox 305 843 451 894; x_wconf 84' lang='lat' dir='ltr'>armis</span> <span class='ocrx_word' id='word_1_65' title='bbox 472 845 1029 969; x_wconf 53' lang='lat' dir='ltr'>infignis:³quat1ensque</span> <span class='ocrx_word' id='word_1_66' title='bbox 1053 871 1247 926; x_wconf 88' lang='lat' dir='ltr'>scutum</span> <span class='ocrx_word' id='word_1_67' title='bbox 1263 876 1580 954; x_wconf 56' lang='lat' dir='ltr'>hastQquum</span> 
     </span>
     <span class='ocr_line' id='line_1_11' title="bbox 301 905 1576 1018; baseline 0.042 -63"><span class='ocrx_word' id='word_1_68' title='bbox 301 905 545 964; x_wconf 83' lang='lat' dir='ltr'>filentium</span> <span class='ocrx_word' id='word_1_69' title='bbox 585 916 697 968; x_wconf 73' lang='lat' dir='ltr'>fecit</span> <span class='ocrx_word' id='word_1_70' title='bbox 721 938 771 972; x_wconf 90' lang='lat' dir='ltr'>et</span> <span class='ocrx_word' id='word_1_71' title='bbox 798 963 815 986; x_wconf 89' lang='lat'>‚</span> <span class='ocrx_word' id='word_1_72' title='bbox 858 946 1096 1005; x_wconf 81' lang='lat' dir='ltr'>provocat</span> <span class='ocrx_word' id='word_1_73' title='bbox 1137 958 1222 1008; x_wconf 85' lang='lat' dir='ltr'>per</span> <span class='ocrx_word' id='word_1_74' title='bbox 1258 944 1576 1018; x_wconf 81' lang='lat' dir='ltr'>interpretem</span> 
     </span>
    </p>
   </div>
   <div class='ocr_carea' id='block_1_3' title="bbox 128 1043 1576 1143">
    <p class='ocr_par' dir='ltr' id='par_1_10' title="bbox 128 1043 1576 1143">
     <span class='ocr_line' id='line_1_12' title="bbox 128 1043 1576 1143; baseline 0.041 -61"><span class='ocrx_word' id='word_1_75' title='bbox 128 1052 187 1093; x_wconf 80' lang='lat' dir='ltr'><em>M</em></span> <span class='ocrx_word' id='word_1_76' title='bbox 204 1056 275 1089; x_wconf 67' lang='grc' dir='ltr'>να-</span> <span class='ocrx_word' id='word_1_77' title='bbox 297 1043 365 1092; x_wconf 93' lang='grc' dir='ltr'>Μ.</span> <span class='ocrx_word' id='word_1_78' title='bbox 412 1060 514 1095; x_wconf 85' lang='lat' dir='ltr'>erat</span> <span class='ocrx_word' id='word_1_79' title='bbox 560 1052 784 1106; x_wconf 82' lang='lat' dir='ltr'>Valerius</span> <span class='ocrx_word' id='word_1_80' title='bbox 830 1062 1056 1118; x_wconf 87' lang='lat' dir='ltr'>tribunus</span> <span class='ocrx_word' id='word_1_81' title='bbox 1100 1073 1346 1143; x_wconf 85' lang='lat' dir='ltr'>militum,</span> <span class='ocrx_word' id='word_1_82' title='bbox 1389 1084 1576 1139; x_wconf 87' lang='lat' dir='ltr'>adoles-</span> 
     </span>
    </p>
   </div>
   <div class='ocr_carea' id='block_1_4' title="bbox 75 1095 1572 1344">
    <p class='ocr_par' dir='ltr' id='par_1_11' title="bbox 75 1095 1572 1344">
     <span class='ocr_line' id='line_1_13' title="bbox 82 1095 1572 1220; baseline 0.042 -74"><span class='ocrx_word' id='word_1_83' title='bbox 82 1095 169 1180; x_wconf 47' lang='lat' dir='ltr'>gri}</span> <span class='ocrx_word' id='word_1_84' title='bbox 190 1113 262 1135; x_wconf 57' lang='grc' dir='ltr'>Μ’</span> <span class='ocrx_word' id='word_1_85' title='bbox 298 1124 442 1172; x_wconf 86' lang='lat' dir='ltr'>cens,</span> <span class='ocrx_word' id='word_1_86' title='bbox 463 1115 550 1180; x_wconf 87' lang='lat' dir='ltr'>qui</span> <span class='ocrx_word' id='word_1_87' title='bbox 569 1115 699 1170; x_wconf 85' lang='lat' dir='ltr'>haud</span> <span class='ocrx_word' id='word_1_88' title='bbox 720 1121 1046 1192; x_wconf 86' lang='lat' dir='ltr'>indigniorem</span> <span class='ocrx_word' id='word_1_89' title='bbox 1067 1153 1127 1188; x_wconf 92' lang='lat' dir='ltr'>eo</span> <span class='ocrx_word' id='word_1_90' title='bbox 1150 1140 1328 1197; x_wconf 89' lang='lat' dir='ltr'>decore</span> <span class='ocrx_word' id='word_1_91' title='bbox 1352 1150 1397 1199; x_wconf 92' lang='lat' dir='ltr'>se</span> <span class='ocrx_word' id='word_1_92' title='bbox 1421 1154 1572 1220; x_wconf 70' lang='lat' dir='ltr'>quam</span> 
     </span>
     <span class='ocr_line' id='line_1_14' title="bbox 75 1147 1567 1273; baseline 0.042 -61"><span class='ocrx_word' id='word_1_93' title='bbox 75 1147 276 1236; x_wconf 49' lang='lat' dir='ltr'>324erssss</span> <span class='ocrx_word' id='word_1_94' title='bbox 294 1176 351 1223; x_wconf 90' lang='lat' dir='ltr'>T.</span> <span class='ocrx_word' id='word_1_95' title='bbox 388 1180 626 1234; x_wconf 87' lang='lat' dir='ltr'>Manlium</span> <span class='ocrx_word' id='word_1_96' title='bbox 662 1203 795 1241; x_wconf 86' lang='lat' dir='ltr'>ratus</span> <span class='ocrx_word' id='word_1_97' title='bbox 826 1232 838 1252; x_wconf 87' lang='lat'>‚</span> <span class='ocrx_word' id='word_1_98' title='bbox 879 1197 1011 1264; x_wconf 69' lang='lat' dir='ltr'>prius</span> <span class='ocrx_word' id='word_1_99' title='bbox 1051 1204 1318 1263; x_wconf 87' lang='lat' dir='ltr'>sciscitatus</span> <span class='ocrx_word' id='word_1_100' title='bbox 1354 1221 1567 1273; x_wconf 86' lang='lat' dir='ltr'>consulis</span> 
     </span>
     <span class='ocr_line' id='line_1_15' title="bbox 76 1241 1564 1344; baseline 0.044 -69"><span class='ocrx_word' id='word_1_101' title='bbox 76 1248 207 1284; x_wconf 72' lang='lat' dir='ltr'>tamen.</span> <span class='ocrx_word' id='word_1_102' title='bbox 290 1241 595 1324; x_wconf 67' lang='lat' dir='ltr'>voluntatem</span> <span class='ocrx_word' id='word_1_103' title='bbox 611 1287 626 1311; x_wconf 87' lang='lat'>‚</span> <span class='ocrx_word' id='word_1_104' title='bbox 652 1252 701 1303; x_wconf 86' lang='lat' dir='ltr'>in</span> <span class='ocrx_word' id='word_1_105' title='bbox 722 1258 940 1314; x_wconf 88' lang='lat' dir='ltr'>medium</span> <span class='ocrx_word' id='word_1_106' title='bbox 963 1285 1174 1324; x_wconf 87' lang='lat' dir='ltr'>armatus</span> <span class='ocrx_word' id='word_1_107' title='bbox 1198 1283 1439 1344; x_wconf 85' lang='lat' dir='ltr'>proceffit.</span> <span class='ocrx_word' id='word_1_108' title='bbox 1474 1289 1564 1339; x_wconf 87' lang='lat' dir='ltr'>Mi-</span> 
     </span>
    </p>
   </div>
   <div class='ocr_carea' id='block_1_5' title="bbox 283 1312 1561 1427">
    <p class='ocr_par' dir='ltr' id='par_1_12' title="bbox 283 1312 1561 1427">
     <span class='ocr_line' id='line_1_16' title="bbox 283 1312 1561 1427; baseline 0.041 -72"><span class='ocrx_word' id='word_1_109' title='bbox 283 1322 377 1358; x_wconf 84' lang='lat' dir='ltr'>nus</span> <span class='ocrx_word' id='word_1_110' title='bbox 404 1312 586 1381; x_wconf 79' lang='lat' dir='ltr'>insigne</span> <span class='ocrx_word' id='word_1_111' title='bbox 623 1335 868 1377; x_wconf 87' lang='lat' dir='ltr'>certamen</span> <span class='ocrx_word' id='word_1_112' title='bbox 900 1329 1168 1390; x_wconf 88' lang='lat' dir='ltr'>humanum</span> <span class='ocrx_word' id='word_1_113' title='bbox 1190 1348 1390 1399; x_wconf 89' lang='lat' dir='ltr'>numine</span> <span class='ocrx_word' id='word_1_114' title='bbox 1415 1351 1561 1427; x_wconf 77' lang='lat' dir='ltr'>inter-</span> 
     </span>
    </p>
   </div>
   <div class='ocr_carea' id='block_1_6' title="bbox 269 1578 1547 1686">
    <p class='ocr_par' dir='ltr' id='par_1_13' title="bbox 269 1578 1547 1686">
     <span class='ocr_line' id='line_1_17' title="bbox 269 1578 1547 1686; baseline 0.04 -63"><span class='ocrx_word' id='word_1_115' title='bbox 269 1578 470 1642; x_wconf 84' lang='lat' dir='ltr'>gurium</span> <span class='ocrx_word' id='word_1_116' title='bbox 502 1585 641 1635; x_wconf 81' lang='lat' dir='ltr'>coelo</span> <span class='ocrx_word' id='word_1_117' title='bbox 674 1591 862 1645; x_wconf 84' lang='lat' dir='ltr'>miffum</span> <span class='ocrx_word' id='word_1_118' title='bbox 881 1635 896 1657; x_wconf 88' lang='lat'>,</span> <span class='ocrx_word' id='word_1_119' title='bbox 921 1598 1059 1654; x_wconf 77' lang='lat' dir='ltr'>laetus</span> <span class='ocrx_word' id='word_1_120' title='bbox 1087 1610 1277 1686; x_wconf 69' lang='lat' dir='ltr'>accepit</span> <span class='ocrx_word' id='word_1_121' title='bbox 1306 1615 1547 1674; x_wconf 83' lang='lat' dir='ltr'>tribunus.</span> 
     </span>
    </p>
   </div>
   <div class='ocr_carea' id='block_1_7' title="bbox 236 2041 1559 2545">
    <p class='ocr_par' dir='ltr' id='par_1_14' title="bbox 236 2041 1559 2545">
     <span class='ocr_line' id='line_1_18' title="bbox 252 2041 1528 2141; baseline 0.042 -52"><span class='ocrx_word' id='word_1_122' title='bbox 252 2041 374 2110; x_wconf 86' lang='lat' dir='ltr'>digii</span> <span class='ocrx_word' id='word_1_123' title='bbox 408 2048 518 2098; x_wconf 80' lang='lat' dir='ltr'>talis</span> <span class='ocrx_word' id='word_1_124' title='bbox 551 2053 686 2116; x_wconf 87' lang='lat' dir='ltr'>visu,</span> <span class='ocrx_word' id='word_1_125' title='bbox 711 2061 964 2130; x_wconf 81' lang='lat' dir='ltr'>oculisque</span> <span class='ocrx_word' id='word_1_126' title='bbox 993 2068 1129 2122; x_wconf 86' lang='lat' dir='ltr'>fimul</span> <span class='ocrx_word' id='word_1_127' title='bbox 1158 2093 1214 2126; x_wconf 79' lang='lat' dir='ltr'>ac</span> <span class='ocrx_word' id='word_1_128' title='bbox 1237 2098 1400 2135; x_wconf 83' lang='lat' dir='ltr'>mente</span> <span class='ocrx_word' id='word_1_129' title='bbox 1424 2103 1528 2141; x_wconf 86' lang='lat' dir='ltr'>tur—</span> 
     </span>
     <span class='ocr_line' id='line_1_19' title="bbox 250 2106 1529 2223; baseline 0.041 -67"><span class='ocrx_word' id='word_1_130' title='bbox 250 2106 452 2174; x_wconf 81' lang='lat' dir='ltr'>batum,</span> <span class='ocrx_word' id='word_1_131' title='bbox 478 2116 701 2172; x_wconf 82' lang='lat' dir='ltr'>Valerius</span> <span class='ocrx_word' id='word_1_132' title='bbox 734 2126 998 2184; x_wconf 87' lang='lat' dir='ltr'>obtruncat</span> <span class='ocrx_word' id='word_1_133' title='bbox 1021 2155 1238 2194; x_wconf 88' lang='lat' dir='ltr'>:corvus</span> <span class='ocrx_word' id='word_1_134' title='bbox 1270 2147 1297 2197; x_wconf 76' lang='lat' dir='ltr'>e</span> <span class='ocrx_word' id='word_1_135' title='bbox 1331 2157 1529 2223; x_wconf 84' lang='lat' dir='ltr'>conspe-</span> 
     </span>
     <span class='ocr_line' id='line_1_20' title="bbox 246 2173 1524 2286; baseline 0.041 -63"><span class='ocrx_word' id='word_1_136' title='bbox 246 2173 332 2227; x_wconf 73' lang='grc' dir='ltr'>ἂιι</span> <span class='ocrx_word' id='word_1_137' title='bbox 371 2179 526 2233; x_wconf 85' lang='lat' dir='ltr'>elatus</span> <span class='ocrx_word' id='word_1_138' title='bbox 568 2187 830 2244; x_wconf 89' lang='lat' dir='ltr'>Orientem</span> <span class='ocrx_word' id='word_1_139' title='bbox 869 2200 1008 2265; x_wconf 87' lang='lat' dir='ltr'>petit.</span> <span class='ocrx_word' id='word_1_140' title='bbox 1061 2209 1307 2265; x_wconf 61' lang='lat' dir='ltr'>Hactenus</span> <span class='ocrx_word' id='word_1_141' title='bbox 1349 2222 1524 2286; x_wconf 87' lang='lat' dir='ltr'>quietae</span> 
     </span>
     <span class='ocr_line' id='line_1_21' title="bbox 249 2243 1518 2352; baseline 0.041 -62"><span class='ocrx_word' id='word_1_142' title='bbox 249 2243 501 2314; x_wconf 89' lang='lat' dir='ltr'>utrimque</span> <span class='ocrx_word' id='word_1_143' title='bbox 539 2250 768 2308; x_wconf 88' lang='lat' dir='ltr'>stationes</span> <span class='ocrx_word' id='word_1_144' title='bbox 809 2259 962 2317; x_wconf 88' lang='lat' dir='ltr'>fuere.</span> <span class='ocrx_word' id='word_1_145' title='bbox 1015 2273 1267 2343; x_wconf 84' lang='lat' dir='ltr'>postquam</span> <span class='ocrx_word' id='word_1_146' title='bbox 1314 2284 1518 2352; x_wconf 86' lang='lat' dir='ltr'>spoliare</span> 
     </span>
     <span class='ocr_line' id='line_1_22' title="bbox 246 2317 1516 2409; baseline 0.04 -52"><span class='ocrx_word' id='word_1_147' title='bbox 246 2325 430 2379; x_wconf 86' lang='lat' dir='ltr'>corpus</span> <span class='ocrx_word' id='word_1_148' title='bbox 463 2317 562 2366; x_wconf 83' lang='lat' dir='ltr'>caefi</span> <span class='ocrx_word' id='word_1_149' title='bbox 591 2319 742 2374; x_wconf 87' lang='lat' dir='ltr'>hostis</span> <span class='ocrx_word' id='word_1_150' title='bbox 780 2328 1006 2385; x_wconf 89' lang='lat' dir='ltr'>tribunus</span> <span class='ocrx_word' id='word_1_151' title='bbox 1039 2342 1231 2409; x_wconf 83' lang='lat' dir='ltr'>coepit,</span> <span class='ocrx_word' id='word_1_152' title='bbox 1268 2365 1360 2401; x_wconf 88' lang='lat' dir='ltr'>nec</span> <span class='ocrx_word' id='word_1_153' title='bbox 1394 2357 1516 2408; x_wconf 84' lang='lat' dir='ltr'>Gal-</span> 
     </span>
     <span class='ocr_line' id='line_1_23' title="bbox 239 2373 1559 2494; baseline 0.041 -71"><span class='ocrx_word' id='word_1_154' title='bbox 239 2373 278 2423; x_wconf 81' lang='lat' dir='ltr'>h·</span> <span class='ocrx_word' id='word_1_155' title='bbox 313 2379 360 2428; x_wconf 89' lang='lat' dir='ltr'>se</span> <span class='ocrx_word' id='word_1_156' title='bbox 391 2379 595 2436; x_wconf 85' lang='lat' dir='ltr'>statione</span> <span class='ocrx_word' id='word_1_157' title='bbox 634 2403 928 2461; x_wconf 86' lang='lat' dir='ltr'>tenuerunt,</span> <span class='ocrx_word' id='word_1_158' title='bbox 952 2405 1002 2452; x_wconf 86' lang='lat'>&amp;</span> <span class='ocrx_word' id='word_1_159' title='bbox 1037 2408 1367 2467; x_wconf 86' lang='lat' dir='ltr'>Romanorum</span> <span class='ocrx_word' id='word_1_160' title='bbox 1405 2439 1515 2476; x_wconf 83' lang='lat' dir='ltr'>cur·</span> <span class='ocrx_word' id='word_1_161' title='bbox 1555 2491 1559 2494; x_wconf 26' lang='grc'><strong><em>1</em></strong></span> 
     </span>
     <span class='ocr_line' id='line_1_24' title="bbox 236 2442 1510 2545; baseline 0.041 -53"><span class='ocrx_word' id='word_1_162' title='bbox 236 2442 317 2494; x_wconf 84' lang='lat' dir='ltr'>sus</span> <span class='ocrx_word' id='word_1_163' title='bbox 353 2446 413 2499; x_wconf 84' lang='lat' dir='ltr'>ad</span> <span class='ocrx_word' id='word_1_164' title='bbox 454 2451 691 2507; x_wconf 77' lang='lat' dir='ltr'>viCtorem</span> <span class='ocrx_word' id='word_1_165' title='bbox 729 2459 873 2514; x_wconf 83' lang='lat' dir='ltr'>etiam</span> <span class='ocrx_word' id='word_1_166' title='bbox 917 2469 1058 2524; x_wconf 87' lang='lat' dir='ltr'>ocior</span> <span class='ocrx_word' id='word_1_167' title='bbox 1099 2473 1211 2531; x_wconf 86' lang='lat' dir='ltr'>fuit.</span> <span class='ocrx_word' id='word_1_168' title='bbox 1262 2483 1338 2535; x_wconf 90' lang='lat' dir='ltr'>Ibi</span> <span class='ocrx_word' id='word_1_169' title='bbox 1379 2489 1510 2545; x_wconf 77' lang='lat' dir='ltr'>circa</span> 
     </span>
    </p>
   </div>
   <div class='ocr_carea' id='block_1_8' title="bbox 288 2595 1094 2668">
    <p class='ocr_par' dir='ltr' id='par_1_15' title="bbox 288 2595 1094 2668">
     <span class='ocr_line' id='line_1_25' title="bbox 288 2595 1094 2668; baseline 0.041 -40"><span class='ocrx_word' id='word_1_170' title='bbox 288 2601 303 2626; x_wconf 87' lang='lat'><em>1</em></span> <span class='ocrx_word' id='word_1_171' title='bbox 339 2595 569 2652; x_wconf 72' lang='lat' dir='ltr'>Praepctem]</span> <span class='ocrx_word' id='word_1_172' title='bbox 603 2602 751 2646; x_wconf 79' lang='lat' dir='ltr'>Alitem</span> <span class='ocrx_word' id='word_1_173' title='bbox 778 2608 901 2652; x_wconf 75' lang='lat' dir='ltr'>felicis</span> <span class='ocrx_word' id='word_1_174' title='bbox 927 2621 1094 2668; x_wconf 77' lang='lat' dir='ltr'>augurii.</span> 
     </span>
    </p>
   </div>
  </div>
 </body>
</html>
