1669 3052
326 155 330 157 “
366 140 417 202 L
457 160 480 200 1
521 152 557 200 Β
599 155 638 197 Ε
679 156 720 196 R
791 127 954 194 VI'I.
1170 143 1305 203 143·

22 237 220 291 {pontes
251 222 471 288 consedit
486 258 501 282 ,
522 219 584 271 ad
609 212 923 284 excipiendos
938 249 952 271 ,
975 223 1100 276 quos
1123 204 1292 256 consul
1318 220 1515 262 U.c.413.‹

25 291 132 345 aliis
165 305 314 358 atque
346 289 451 340 aliis
490 292 586 347 (ut
623 282 732 335 ante
769 279 957 332 diCtum
995 274 1101 338 est)
1144 270 1293 322 caulis
1317 268 1507 347 ³3:42&ss-

26 358 270 410 mittebat.
300 361 407 408 Iam
430 353 589 407 valida
610 348 872 401 admodum
900 360 1102 394 numero
1126 353 1294 390 manus
1316 315 1519 394 ruffn'efffgfs

29 437 135 476 erat
153 461 168 484 ,
191 439 281 473 nec
301 423 568 490 quicquam
587 418 646 468 ad
665 414 772 478 justi
795 408 1038 463 exercitiis
1060 407 1295 467 formam,
1320 408 1402 461 vitm
1418 402 1511 439 παῖ’

31 504 201 562 praeter
222 488 398 540 ducem
416 526 432 550 ,
458 486 641 536 deerat.
663 477 970 546 incompositi
995 476 1160 541 itaque
1183 489 1300 541 prae-
1317 463 1424 502 ΨΜ·

32 558 202 608 dantes
232 555 281 605 in
312 571 481 622 agrum
507 550 752 600 Albanum
783 543 1106 613 perveniunt,
1132 543 1180 590 δε
1214 538 1299 587 sub
1376 536 1382 542 '

30 624 151 691 jugo
183 622 316 673 Albae
344 628 518 686 Longae
549 615 698 666 castra
728 611 858 665 vallo
885 610 1103 675 cingunt.
1136 603 1302 656 Perfe-

36 691 118 741 cto
139 688 251 738 inde
277 704 424 756 opere
442 724 456 747 ‚
486 683 732 750 reliquum
767 677 897 737 diei,
918 675 978 724 de
1010 675 1311 741 imperatore·

39 754 303 816 sumendo,
339 750 588 803 sententiis
620 747 903 803 decertant,
935 740 1054 790 nulli
1094 756 1151 787 ex
1188 754 1306 806 prae-

38 822 255 874 sentibus
297 821 404 871 satis
441 817 664 869 fidentes.
705 820 852 878 Quem
891 825 1040 857 autem
1076 808 1130 854 ab
1167 813 1307 854 Roma

12 935 21 942 r
33 890 147 958 poffi’
171 890 314 938 exciri
331 890 354 936 ?
372 904 504 954 quem
526 891 711 933 Patrum
735 894 814 927 aut
831 875 975 942 plebis
998 873 1074 939 effi?
1089 908 1104 927 ,
1128 874 1210 937 qui
1229 885 1309 918 aut

32 960 87 1023 se
111 972 236 1005 tanto
253 952 458 1022 pericu-lo
479 952 631 1015 sciens
655 947 806 1012 offerat
822 978 837 999 ,
865 959 943 989 aut
966 943 1041 988 cui
1065 958 1116 988 ex
1138 939 1312 996 injuria

43 1025 315 1088 insanientis
359 1017 579 1069 exercitas
625 1015 757 1076 causa
801 1007 918 1058 νεῖέέ
960 1007 1271 1054 committatur
1288 1003 1314 1050 ,ἓ

45 1088 246 1140 Postero
278 1086 355 1137 die
387 1101 541 1152 quum
571 1079 739 1130 eadem
775 1073 1062 1125 deliberatio
1094 1082 1317 1127 teneret,

50 1173 111 1208 ex
144 1151 490 1224 praedatoribus
518 1147 654 1214 vagis
691 1142 890 1212 quidam
916 1151 1224 1204 compertum
1247 1147 1320 1182 at-

51 1221 271 1275 tulerunt
294 1259 312 1281 ,
350 1219 408 1267 Τ.
445 1214 713 1280 Quintium
755 1211 804 1260 in
842 1204 1117 1256 Tusculano
1153 1215 1323 1268 agrum

52 1288 250 1348 colere,
283 1285 418 1336 urbis
457 1283 806 1345 honorumque
845 1274 1196 1323 immemorem.
1237 1267 1327 1315 Pa-

51 1355 204 1407 triciae
243 1353 326 1403 hic
360 1353 437 1404 vit
468 1348 627 1417 gentis
667 1360 768 1396 erat
792 1381 805 1404 ‚
830 1340 911 1391 cui
951 1355 1103 1406 quum
1143 1333 1326 1384 militiae

9 1474 11 1478 ,
54 1437 227 1490 magna
251 1437 364 1471 cum
385 1417 539 1486 gloria
563 1414 676 1465 21&ae
696 1411 841 1462 finem
865 1423 950 1475 pes
978 1404 1098 1454 alter
1129 1418 1189 1451 ex
1217 1399 1330 1451 vul-

55 1506 171 1541 nere
200 1485 403 1537 claudus
436 1480 621 1533 fecisset
639 1519 653 1541 ,
675 1478 776 1528 ruri
811 1489 950 1543 agere
977 1471 1126 1522 vitam
1153 1465 1328 1537 procul

56 1554 323 1608 ambitione
354 1569 407 1602 ac
440 1549 551 1600 foro
585 1542 850 1597 constituit.
886 1538 1100 1590 Nomine
1124 1534 1325 1594 audito,
1345 1592 1366 1626 d
1395 1543 1537 1626 Eligss‘

1369 1604 1459 1626 utem
1527 1621 1537 1630 ,

49 1620 304 1690 extemplo
327 1632 568 1684 agnovere
591 1614 751 1666 virum
771 1628 782 1660 t
807 1612 858 1659 &
879 1646 893 1668 ,
915 1605 1054 1674 quod
1076 1603 1199 1652 bene
1222 1617 1324 1651 ver·
1344 1641 1536 1687 Qiminm.

60 1703 225 1751 teret,
259 1685 407 1737 acciri
444 1682 692 1747 jusserunt.
727 1675 822 1727 Sed
855 1690 1025 1743 parum
1057 1669 1153 1719 s)ei
1187 1681 1326 1727 erat,

25 1792 28 1794 Δ
58 1755 314 1810 voluntate
338 1751 606 1818 quicquam
626 1745 883 1796 fasturum.
907 1739 1006 1791 vim
1029 1689 1248 1786 adhiberi
1272 1750 1329 1784 ac

63 1836 250 1876 metum
281 1817 478 1888 placuit.
510 1821 683 1882 Itaque
715 1807 899 1860 filentio
931 1803 1086 1855 nostis
1120 1842 1134 1864 ,
1172 1819 1331 1870 quum

64 1888 249 1941 testum
286 1885 445 1944 villae,
481 1883 568 1950 qui
605 1880 664 1930 ad
699 1877 750 1927 id
788 1872 904 1924 miffi
940 1885 1111 1924 erant,
1152 1869 1331 1917 intras-

64 1961 168 2008 sent
187 1993 201 2013 ,
226 1955 393 2004 somno
414 1951 548 2018 gravi
574 1944 841 2010 Quintium
864 1936 1137 2008 oppressum
1155 1973 1170 1996 ,
1204 1932 1329 1984 nihil

68 2022 284 2075 medium
305 2059 320 2080 ‚
348 2033 432 2068 aut
466 2014 722 2085 imperium
754 2024 899 2076 atque
936 2005 1175 2054 honorem
1199 2040 1212 2062 ,
1248 2014 1334 2050 aut

71 2100 96 2133 5
123 2088 209 2140 ubi
238 2085 506 2141 restitaret,
537 2095 747 2133 mortem
769 2115 784 2137 ‚
819 2074 868 2124 ni
903 2074 1186 2138 sequeretur
1208 2107 1221 2129 ‚
1254 2066 1336 2116 de-

72 2156 389 2212 nuncianteS,
412 2151 461 2200 in
491 2149 638 2199 castra
671 2152 1028 2214 pertraxerunt.
1064 2139 1340 2203 Imperator

72 2220 319 2289 extemplo
340 2217 602 2268 adveniens
624 2209 918 2281 appellatus:
936 2203 1130 2270 infignia
1170 2219 1231 2251 ue
1251 2200 1339 2249 ho-

76 2291 208 2341 noris
237 2285 472 2338 exterrito
504 2282 666 2332 subitae
699 2278 768 2328 rei
802 2270 1040 2325 miraculo
1075 2220 1336 2325 desserung

74 2360 126 2406 &
162 2355 223 2406 ad
258 2353 430 2405 urbem
465 2350 644 2399 ducere
676 2344 864 2411 jubent.
912 2341 1011 2388 Suo
1042 2336 1194 2401 magis
1226 2331 1339 2383 inde

79 2424 264 2492 impetu
281 2460 298 2484 ,
316 2418 465 2489 quam
486 2413 686 2466 consilio
706 2409 845 2462 ducis
864 2445 879 2469 ,
904 2402 1145 2455 convulsls
1169 2399 1310 2468 signis
1328 2436 1345 2460 ‚

139 2594 155 2628 5
189 2580 273 2622 Ubi
301 2568 532 2635 restitaret..
551 2576 628 2619 sni
657 2572 890 2628 sequeretur]
932 2566 1178 2607 Alterutrum
1210 2573 1254 2601 ex
1284 2561 1343 2599 his

13 2662 16 2667 ,
80 2648 209 2679 vacat.
