1680 3110
343 95 470 184 360
747 97 1262 163 T.L1v11

138 186 440 248 v.c.4z7.ditfi
463 197 621 235 morte
644 181 843 247 collegae
864 219 877 240 ‚
901 187 1266 249 Campanorum
1289 185 1411 236 alam
1426 223 1440 246 ‚
1464 184 1629 252 quim,

138 253 222 290 ⁸·C·
237 264 323 297 295·
341 267 517 319 gentos
551 247 652 298 fere
687 248 880 312 equites
905 284 919 306 ,
947 247 1184 298 excedere
1215 249 1317 301 acie
1346 251 1483 318 jubet
1503 290 1517 311 ,
1553 255 1608 302 &

341 313 699 369 circumvedtos
735 312 794 361 ab
834 326 973 428 terqo
1009 314 1251 364 Gallicam
1287 318 1515 367 invadere
1553 335 1612 366 a-

342 384 468 434 ciem
492 410 503 441 ς
529 380 680 430 tert-iae
713 377 889 428 deinde
943 379 1128 446 egionis
1162 380 1296 431 subse
1337 383 1384 433 ui
1421 382 1611 434 Princi-

341 466 427 517 pes
448 485 463 507 ‚
492 450 541 497 δι
566 485 580 509 ‚
615 445 714 512 quai
747 445 996 496 turbatum
1027 462 1200 513 agmen
1237 447 1322 498 hol
1350 448 1449 499 ium
1478 448 1612 500 vide-

337 529 448 565 rent
471 514 657 581 impetu
680 511 904 578 equitum
921 550 935 571 ,
960 512 1129 563 instare
1154 530 1208 563 ac
1236 514 1434 564 territos
1461 514 1616 565 edede-

339 598 408 633 re.
438 582 545 648 Ipse
568 578 715 628 aedem
737 578 850 628 Jovi
875 578 1063 629 Vi&ori
1086 619 1098 641 ‚
1127 578 1375 649 spoliaque
1401 579 1612 631 hostiurn

339 665 496 715 quum
521 643 728 696 vovisset
745 682 759 703 ,
785 643 844 693 ad
871 644 1017 694 castra
1044 646 1331 697 Samnitium
1364 647 1611 716 perrexit,

338 712 443 781 qub
462 711 731 763 multitudo
749 710 906 760 omnis
924 711 1224 762 consternata
1244 731 1266 762 a
1305 713 1492 764 ebatur.
1510 713 1612 764 Sub

337 780 441 848 ipso
476 778 605 829 vallo
634 817 648 838 ‚
687 778 801 844 quia
835 791 1017 828 tantam
1053 778 1251 829 multitu
1293 781 1419 830 inem
1463 794 1648 847 port-ae.

336 862 436 897 non
456 861 683 912 recepere
701 883 714 903 ‚
735 858 918 892 tentata
943 844 1000 893 ab
1025 844 1227 895 exclufis
1251 846 1392 896 turbsi
1410 848 1614 896 suorum

338 928 503 983 pugna
520 912 604 963 est.
635 910 715 960 lbi
738 909 927 960 Gellius
946 913 1175 977 Egnatius
1194 913 1459 980 imperator
1478 915 1612 962 Sam-

340 980 518 1031 nitium
555 975 752 1028 cecidit.
792 977 1023 1044 compulfi
1058 977 1232 1028 deinde
1273 980 1397 1028 intra
1430 979 1614 1030 vallum

339 1046 580 1096 Samnites
597 1084 607 1104 ‚
634 1060 883 1117 parvoque
908 1045 1171 1094 certamine
1194 1062 1334 1113 capta
1357 1045 1504 1095 castra
1520 1082 1535 1103 ‚
1562 1047 1614 1095 &

339 1113 470 1162 Galli
499 1112 557 1162 ab
593 1125 732 1175 tergo
766 1112 1107 1162 circumventi.
1144 1114 1276 1162 C‘aesa
1319 1130 1379 1161 eo
1414 1111 1493 1162 die
1524 1111 1617 1161 ho-

168 1188 321 1224 viezoria
338 1178 482 1229 stium
509 1177 684 1245 viginti
710 1175 928 1242 quinque
955 1177 1102 1226 millia
1126 1216 1139 1237 ,
1175 1179 1291 1228 οξὶο
1317 1192 1468 1247 capta.
1505 1184 1614 1228 Nec

133 1236 299 1318 ἕρπω·
337 1247 593 1295 incruenta
614 1242 817 1294 victoria
853 1241 964 1294 fuit.
996 1261 1106 1294 nam
1133 1262 1192 1293 ex
1215 1247 1274 1295 P.
1304 1244 1446 1294 Decii
1475 1262 1614 1295 exer·

131 1298 204 1365 aas
231 1297 321 1318 mm
338 1312 438 1361 citu
466 1314 577 1361 caesa
598 1312 778 1376 septem
801 1307 948 1358 millia
972 1333 984 1370 3
1015 1328 1073 1359 ex
1094 1310 1258 1371 Fabii,
1279 1311 1409 1362 mille
1438 1327 1491 1360 ac
1515 1311 1612 1361 du·-

340 1379 489 1428 centi.
523 1377 695 1427 Fabius
715 1413 729 1433 ‚
753 1374 948 1424 dimiffis
977 1377 1035 1426 ad
1065 1376 1379 1442 quaerendum
1415 1377 1614 1445 collegat

337 1461 519 1511 corpus
553 1483 565 1504 ,
606 1441 753 1509 spolia
788 1440 998 1492 hostium
1037 1443 1254 1500 conjecta
1289 1443 1337 1492 in
1378 1461 1613 1495 acervum

336 1512 452 1562 Jovi
475 1509 662 1561 Victori
685 1507 935 1558 cremavit.
967 1509 1194 1559 Consulis
1218 1528 1397 1577 corpus
1419 1528 1478 1560 eo
1500 1510 1608 1572 die,

336 1578 453 1646 quia
489 1577 725 1627 obrutum
766 1574 1061 1640 superstratis
1102 1575 1358 1627 Gallorum
1398 1577 1611 1629 cumulis

335 1659 473 1705 erat,
505 1642 714 1694 inveniri
749 1657 847 1690 non
881 1641 1062 1708 potuit.
1099 1642 1290 1712 postero
1324 1643 1401 1693 die
1437 1644 1610 1695 inven-

335 1725 443 1762 tum
474 1710 779 1776 relatumque
816 1707 882 1757 est
904 1745 917 1767 ,
957 1725 1070 1758 cum
1105 1709 1273 1759 multis
1300 1709 1510 1761 militum
1542 1710 1611 1760 la-

336 1777 532 1846 crymis.
554 1773 831 1825 Intermissa}
851 1773 961 1825 inde
984 1776 1202 1825 omnium
1225 1775 1424 1826 aliarum
1447 1795 1610 1828 rerum

337 1844 455 1896 curii
473 1882 485 1903 ‚
511 1842 680 1892 Fabius
703 1839 900 1906 collegae
921 1841 1068 1891 funus
1091 1843 1223 1892 omni
1245 1841 1433 1895 honore
1456 1843 1610 1895 laudi-

337 1911 527 1973 busque
551 1908 735 1958 meritis
759 1906 991 1959 celebrat.

176 1984 302 2041 Res-in
405 1982 498 2026 XX
515 1981 568 2025 X.
603 1979 663 2025 Et
687 1974 734 2024 in
758 1975 946 2024 Etruria
970 1991 1054 2042 per
1076 1975 1271 2026 eosdem
1295 1975 1398 2026 dies
1423 1974 1481 2025 ab
1505 1979 1606 2027 Cn.

132 2037 287 2123 {QZ}
339 2044 510 2094 Fulvio
544 2055 838 2110 propraetore
881 2058 954 2091 res
993 2057 1051 2090 ex
1088 2042 1320 2092 sententia
1357 2041 1522 2109 gesta3
1557 2044 1610 2093 δε

158 2092 245 2127 mg
291 2094 511 2179 a'praeter
544 2110 790 2175 ingentem
823 2106 1002 2157 illatam
1034 2108 1609 2175 populationibusagro-

339 2196 449 2229 rum
491 2176 618 2225 hosii
661 2173 846 2224 cladem
870 2212 883 2233 ,
920 2189 1187 2241 pugnatum
1229 2176 1376 2226 etiam
1412 2173 1609 2242 egregi&

340 2244 440 2305 est3
465 2241 902 2308 Perusinorumque
938 2244 988 2290 &
1021 2239 1334 2293 Clusinorum
1368 2243 1478 2291 caesa
1508 2259 1610 2291 am-

341 2311 470 2379 plius
497 2309 587 2359 tria
617 2307 763 2356 millia
786 2346 800 2368 ,
837 2309 890 2357 &
921 2305 1046 2373 signa
1077 2308 1299 2358 militaria
1336 2308 1395 2358 ad
1431 2307 1607 2374 viginti

341 2392 500 2445 capta.
534 2373 820 2425 Samnitium
847 2388 1017 2439 agmen
1050 2391 1204 2441 quum
1233 2393 1318 2439 per
1347 2373 1609 2449 Pelignum

339 2460 512 2511 agrum
546 2441 767 2508 fugeret,
802 2439 1195 2491 circumventum
1224 2440 1250 2490 εὶ
1280 2440 1494 2507 Pelignis
1524 2439 1607 2492 est.

338 2527 401 2561 ex
434 2507 646 2560 millibus
671 2507 889 2579 quinque
916 2505 973 2554 ad
1003 2506 1132 2557 mille
1158 2504 1270 2557 caefi.
1306 2512 1480 2574 Magna
1503 2506 1609 2572 ejus

339 2577 439 2629 diei
467 2615 482 2640 ‚
517 2593 619 2643 quo
658 2591 709 2626 in
743 2572 982 2625 Sentinati
1017 2588 1133 2643 agro
1166 2572 1400 2627 bellatum
1420 2612 1441 2640 ,
1481 2571 1610 2689 farfia

1512 2654 1537 2690 C
1595 2677 1612 2700 2
