1669 3052
369 91 421 153 L
467 111 489 154 1
537 111 574 153 Β
623 106 661 151 Ε
706 110 746 153 R
831 87 1046 153 VIII.
1238 93 1358 171 167

80 172 348 226 ciebantur,
363 172 461 224 Ubi
474 173 552 224 his
566 173 822 224 ordinibus
838 170 1084 224 exercitus
1098 169 1359 224 instruc‘tus
1380 199 1465 235 uc,
1482 209 1522 242 μ
1535 196 1586 235 e:

79 239 226 302 esset,
248 240 434 291 Hastati
456 241 680 292 omnium
702 240 847 309 primi
869 254 1082 307 pugnam
1103 238 1304 290 inibant.
1329 239 1361 289 si
1380 247 1464 284 a.c.
1485 256 1574 290 337·

79 306 264 358 Hastati
282 306 540 376 profligate
558 307 747 358 hostem
766 324 864 358 non
883 304 1218 376 poffent‚pede
1236 308 1364 376 pres-

81 374 133 424 so
156 390 243 424 eos
273 376 641 426 retrocedentes
677 384 725 417 2³
762 374 813 424 in
845 373 1100 425 intervalla
1131 373 1364 425 ordinum

80 441 336 509 Principes
376 442 692 510 recipiebant.
739 455 845 491 tum
881 440 1163 508 Principum
1200 456 1365 510 pugna.

80 522 212 565 erat3
230 517 284 550 24
305 508 486 559 Hastati
505 507 850 575 sequebantur.
866 507 1039 557 Triarii
1063 507 1149 558 sub
1166 508 1363 560 vexillis

14 585 19 588 ’
81 572 426 636 confidebant,
447 582 499 617 ²5
523 573 705 624 finistro
730 590 872 624 crure
894 574 1121 641 porrecto
1145 575 1194 609 2⁶
1229 577 1366 626 scuta

7 664 12 670 .
82 641 245 692 innixa
282 641 531 703 humeriS,
565 640 720 691 hastas
751 640 961 692 surrecta
999 642 1198 710 cuspide
1226 652 1275 684 27
1314 643 1366 692 in

79 721 208 759 terra
231 707 376 770 sim,
410 711 458 744 28
479 707 610 760 haud
629 709 765 758 secus
793 708 944 775 quam
963 706 1095 759 vallo
1127 710 1258 775 septa
1291 710 1365 759 in·-

10 793 23 816 τ
79 774 308 826 horreret
351 775 517 837 acies,
561 789 800 826 tenentes.
848 775 899 825 Si
944 773 1072 842 apud
1112 775 1364 844 Principes

81 860 285 912 quoque
311 842 442 894 haud
475 841 583 893 satis
609 843 837 910 prospere
855 839 972 891 esset
994 856 1266 915 pugnatum
1288 882 1302 904 ,
1337 843 1368 894 εὶ

81 910 239 976 prima
290 910 395 961 acie
443 908 504 959 ad
548 908 764 959 Triarios
807 907 972 959 sensim
1011 908 1364 960 referebantur.

82 976 197 1028 inde
217 994 319 1028 tem
343 976 403 1028 ad
436 974 651 1026 Triarios
675 974 843 1026 rediffe
860 1014 876 1036 ,
906 992 1061 1043 quum
1079 975 1363 1038 laboratur,

82 1044 346 1112 proverbio
364 1041 624 1093 increbuit.
647 1042 822 1093 Triarii
846 1043 1196 1109 consurgentes
1221 1082 1237 1103 ,
1278 1043 1366 1093 ubi

84 1113 134 1165 in
152 1110 404 1162 intervalla
431 1108 660 1160 ordinum
679 1110 876 1160 suorum
900 1109 1154 1176 Principes
1178 1112 1232 1160 δε
1270 1111 1368 1159 Ha-

83 1177 230 1229 statos
249 1175 534 1245 recepissent
552 1213 567 1235 ‚
606 1176 857 1244 extemplo
882 1176 1160 1244 compressis
1181 1175 1368 1226 ordini-

83 1244 177 1295 bus
207 1245 346 1296 velut
377 1242 668 1295 claudebant
698 1244 832 1296 vias:
854 1260 954 1295 uno
996 1259 1057 1293 ue
1080 1243 1367 1296 continente

84 1310 307 1379 agmine,
339 1311 434 1378 jam
468 1310 599 1362 nulla
622 1312 700 1379 spe
735 1310 840 1378 post
869 1261 1068 1371 τείἰὲὶὲι,
1099 1310 1148 1361 in
1174 1309 1367 1362 hostem

83 1377 388 1430 incidebant.
434 1377 486 1428 id
524 1393 628 1430 erat
670 1375 1164 1428 formidolofiffimum
1204 1377 1330 1428 hosti
1351 1418 1368 1441 ,

84 1463 242 1513 quum
278 1445 419 1498 velut
455 1444 614 1498 victos
651 1444 903 1507 insecuti,
944 1461 1122 1496 novam
1164 1446 1369 1514 repente

83 1512 242 1563 aciem
285 1515 671 1573 exsurffentem,
709 1511 897 1562 auctam
945 1527 1153 1562 numero
1198 1530 1370 1565 cerne-

82 1578 220 1630 bant.
263 1553 612 1632 Scribebantut
661 1593 827 1629 autem
914 1593 1095 1630 uatuor
1139 1578 1244 1632 fere
1298 1580 1371 1632 le-

84 1646 257 1715 giones
288 1658 338 1694 29
373 1646 538 1716 quinis
567 1643 784 1700 millibus
816 1597 1039 1715 peditum
1065 1684 1083 1708 ,
1114 1647 1370 1715 equitibus

139 1848 184 1884 23
213 1837 235 1875 Ῑ
237 1850 260 1875 n
275 1834 481 1876 intervalla
498 1837 667 1877 ordinum
683 1842 700 1887 ]

807 1842 860 1873 26
878 1835 992 1874 Scuta
1013 1834 1148 1874 innixa
1174 1833 1368 1887 humeris]

88 1893 185 1936 Quae
222 1890 379 1943 quidem
424 1893 479 1930 ita
518 1890 701 1944 disposita

758 1892 793 1929 A
819 1888 891 1928 fitu
915 1890 999 1941 ipso
1021 1887 1070 1928 fic
1094 1888 1374 1929 subsidentium

88 1955 198 1982 erant
214 1972 226 1992 ‚
250 1956 292 1983 ut
315 1944 588 1997 responderent
612 1957 700 1983 ma-

86 1996 228 2049 nipulis
256 1996 526 2037 Hastatorum.
567 2004 703 2052 Itaque

89 2049 242 2090 Hastati
260 2052 543 2091 retrocedentes
556 2081 569 2101 ,
594 2055 634 2091 in
650 2051 702 2092 il-

89 2103 146 2143 las
165 2107 248 2144 vias
267 2105 368 2144 recta
386 2106 623 2146 incidebant.
648 2107 705 2145 si-

88 2157 238 2197 militer
261 2162 487 2212 Principum
509 2159 704 2213 manipuli

87 2210 264 2264 opposita
301 2214 504 2253 habebant
538 2214 560 2253 a
593 2227 704 2267 tergo

86 2269 339 2306 Triariotum
363 2268 587 2308 intervalla.

90 2334 97 2338 ”
141 2332 194 2368 24
234 2320 389 2372 Hastati
425 2322 704 2376 sequebantur]

92 2376 141 2411 In
182 2374 398 2420 ‚secundam
453 2378 578 2414 aciem
623 2375 707 2428 post

93 2427 285 2480 Principes
313 2432 468 2482 recepti.

151 2492 196 2526 25
230 2481 382 2535 Sinistro
401 2497 500 2522 crure
516 2481 707 2537 porreHo]

89 2536 136 2572 Et
166 2547 267 2586 genu
301 2535 458 2576 dextero
495 2539 642 2588 innixi,
669 2548 712 2577 ut

89 2587 263 2630 habetur
285 2591 329 2629 in
347 2604 382 2631 c.
407 2592 503 2645 seq..

756 1946 1008 1983 Triariorum
1036 1943 1142 1983 scuta
1164 1947 1206 1983 in
1230 1945 1373 1983 hume-

759 2011 823 2038 ros
842 1997 1153 2037 inclinabantur.

816 2064 866 2097 27
890 2054 940 2089 In
959 2061 1056 2090 terra
1076 2049 1217 2102 fixas]
1245 2052 1375 2106 Magis

758 2105 929 2159 placeret
951 2104 1077 2157 legere
1100 2111 1140 2145 in
1166 2115 1319 2145 terram.

816 2161 865 2197 28
886 2160 1006 2197 Hand
1018 2157 1120 2211 secus
1137 2157 1280 2213 quim]
1308 2163 1376 2198 Bee

760 2226 807 2252 ne
826 2214 1049 2253 Gronovius
1063 2241 1075 2261 ,
1097 2223 1140 2251 ut
1155 2210 1260 2251 haud
1271 2212 1379 2266 secus

761 2282 890 2324 qnam·

818 2335 866 2366 29
902 2319 1050 2376 Qinis
1076 2317 1247 2359 millibus
1272 2320 1380 2374 pedi-

762 2381 874 2424 tum]
903 2377 937 2413 si
960 2374 1217 2413 admittantur
1236 2374 1379 2427 Lipsia-
1431 2398 1434 2400 v

763 2442 821 2467 nae
848 2428 1136 2468 emendationes
1152 2456 1164 2475 ,
1192 2441 1286 2480 quas
1312 2430 1377 2470 su·-

764 2482 835 2535 pra
870 2483 1074 2521 attulimus
1094 2511 1105 2530 ‚
1136 2494 1378 2536 unaquaeque

766 2538 871 2588 legio
896 2537 1063 2575 habebit
1084 2538 1125 2574 in
1148 2539 1277 2587 prima
1297 2540 1379 2578 acie

769 2589 952 2631 Hastatos
974 2602 1090 2640 1240.
1118 2592 1159 2630 in
1186 2591 1350 2634 secunda
1364 2621 1379 2643 ,
