1669 3052
103 217 352 271 novistime
382 221 431 272 in
457 224 577 293 ipsas
607 227 850 292 flammaS,
874 231 993 284 dum
1028 234 1235 288 evadere
1266 258 1375 293 ten-
1399 262 1586 308 v.c.4‹r„

101 285 228 335 dunt
245 325 259 347 ,
281 287 443 338 absum
484 308 548 344 ta.
592 303 614 337 5
646 297 824 347 Marcis
842 299 982 351 Livio
1001 303 1190 354 Dentre
1214 309 1266 357 δε
1290 312 1372 358 AE-
1396 312 1481 347 ²·C·
1500 325 1589 366 ³03·

102 351 239 400 milio
262 309 544 409 consulissus
571 361 955 430 redintegratum
979 370 1243 437 AEqu'icum
1266 373 1369 425 bel·
1393 357 1492 445 vil&
1525 362 1589 445 fg?

99 415 218 466 lum.
250 420 512 474 Coloniam
539 442 661 494 aegre
686 431 924 495 patientes
941 434 1079 485 velut
1096 455 1255 489 arcem
1274 443 1369 494 suis
1394 450 1556 489 AEmssio

98 481 277 534 finibus
303 486 570 555 impofitam
590 531 606 553 ,
636 496 817 545 summa
846 499 895 549 vi
921 517 1198 568 expugnare
1228 506 1371 560 ador·
1392 494 1503 538 coff.

97 548 168 609 ti,
186 550 246 600 ab
265 551 371 619 ipfis
393 556 583 609 colonis
605 558 870 627 pelluntur.
905 568 1144 619 Ceterum
1177 586 1371 627 tantum

67 658 70 661 ,
95 615 261 666 Romae
279 633 515 673 terrorem
536 623 727 688 fecere,
749 629 864 696 quia
881 631 964 682 vix
981 635 1216 688 credibile
1237 658 1366 705 etat,

96 695 196 731 tam
213 681 390 736 affeecis
410 688 555 740 rebus
578 691 704 743 solos
719 712 804 761 per
826 697 871 746 se
889 700 1079 766 AEquos
1103 702 1162 753 ad
1182 705 1366 760 bellum

92 762 295 799 coortos
318 789 332 812 ,
363 769 419 804 ut
441 757 681 808 tumultus
705 760 807 825 ejus
830 765 975 814 causa
998 765 1208 820 dictator
1226 773 1363 827 dice-

91 828 227 864 retur
248 818 313 867 C.
342 821 517 872 Junius
552 824 821 877 Bubulcus.
852 829 892 879 is
925 848 1039 882 cum
1078 841 1143 887 M.
1179 840 1364 894 Titinio
1403 861 1582 903 aymus

91 881 318 948 magistro
347 889 571 955 equitum
599 890 880 957 profectus,
913 898 1072 965 primo
1107 908 1362 973 congressu
1388 910 1546 948 “idms-

91 949 281 1015 AEquos
309 952 531 1022 subegit,
569 974 623 1005 ac
657 956 735 1009 die
765 961 940 1013 octavo
976 967 1281 1037 triumphans
1311 978 1364 1029 in

89 1014 262 1064 urbem
298 1036 451 1085 quum
488 1022 677 1074 redisset
710 1063 725 1086 ,
767 1027 916 1079 aedem
951 1032 1128 1085 Salutis
1159 1076 1173 1097 ,
1212 1058 1362 1107 quam

91 1082 262 1132 consul
290 1101 520 1150 voverat,
540 1091 708 1141 censor
737 1091 985 1148 locaverat
1002 1137 1018 1162 ‚
1039 1100 1248 1156 distator
1280 1108 1366 1161 de-

85 1147 287 1200 dicavit.

96 1246 102 1250 -
150 1217 220 1266 11.
254 1215 438 1269 Eodem
469 1238 595 1274 anno
630 1224 781 1278 claffis
815 1232 1132 1298 Graecorum,
1162 1247 1179 1273 ¹
1210 1241 1364 1294 Cleo-

85 1297 236 1348 nymo
257 1281 382 1335 duce
407 1290 770 1345 Lacedaemonio
789 1332 804 1356 ,
833 1298 891 1349 ad
916 1300 1065 1352 Italiae
1085 1302 1252 1358 littora
1278 1327 1363 1377 ap-

83 1347 217 1415 pulsa
247 1388 263 1411 ,
305 1362 325 1385 2
365 1353 572 1406 Thurias
602 1359 772 1411 urbem
810 1363 857 1413 in
897 1366 1175 1422 Sallentinis
1208 1379 1359 1442 cepit.

82 1413 335 1467 Adversus
357 1418 489 1472 hunc
512 1422 698 1476 hostem
722 1430 891 1481 consul
913 1435 1138 1488 AEmilius
1161 1441 1324 1493 miffus
1339 1483 1357 1505 ‚

82 1480 246 1548 praelio
278 1501 377 1535 uno
407 1485 630 1556 fugatum
664 1497 905 1563 compulit
938 1500 986 1549 in
1026 1519 1188 1556 naves,
1217 1507 1356 1560 ’Πωτ-

80 1547 162 1598 riae
194 1549 391 1603 redditae
420 1557 576 1606 veteri
605 1559 816 1613 cultori:
842 1563 1208 1640 Sallentinoque
1236 1590 1354 1643 agro

77 1631 171 1683 pax
198 1631 347 1684 parta.
388 1623 591 1674 Iunium
617 1626 896 1682 Bubulcum
928 1632 1214 1690 distatorem
1245 1644 1355 1694 mis-

76 1683 180 1732 sum
216 1683 266 1732 in
303 1685 628 1753 Sallentinos,
666 1694 716 1743 in
761 1696 1051 1764 quibusdam
1093 1706 1351 1761 annalibus

73 1747 275 1800 invenio
311 1769 323 1801 z
363 1756 413 1804 &
454 1755 783 1826 Cleonymum
806 1802 821 1825 ,
855 1766 1134 1836 priusquam
1177 1775 1345 1827 confli-
1406 1790 1549 1835 c’leemrm

73 1816 292 1881 gendum
322 1818 437 1870 effet
472 1840 584 1874 cum
621 1829 881 1891 Romanis,
912 1834 1049 1886 naha
1088 1842 1346 1897 exceffiffe.
1370 1851 1442 1874 ”⁶⁶‘'
1468 1844 1549 1878 ²⁶⁰

75 1882 457 1937 Circumvefftus
490 1891 604 1941 inde
639 1896 891 1948 Brundusii
921 1899 1426 1974 promontorium‚‘⁰'
1468 1916 1471 1917 ⁷

14 1957 17 1959 ’
73 1949 341 2019 medioque
375 1953 475 2005 finu
509 1958 762 2012 Adriatico
798 1969 957 2017 ventis
991 1967 1117 2022 latus
1138 2013 1153 2035 ‚
1190 1993 1350 2043 quum

70 2014 188 2066 laevei
217 2018 514 2087 importuosa
552 2026 700 2076 Italiae
731 2028 896 2082 littora
915 2072 929 2094 ,
956 2034 1126 2088 dextra
1159 2043 1345 2110 Illyrii,

65 2081 375 2155 'Liburnique
396 2126 414 2150 ,
445 2092 496 2140 &
527 2091 632 2143 Istri
655 2132 671 2157 ‚
697 2109 869 2163 gentes
902 2099 1014 2153 ferae
1035 2142 1052 2166 ‚
1087 2107 1136 2156 δε
1174 2126 1348 2179 magna

124 2214 146 2250 ς
176 2205 323 2246 Marcis
341 2207 452 2248 Livio
470 2214 611 2252 Dentre
628 2220 679 2259 (φ
735 2217 836 2257 Plut.
855 2221 894 2260 in
910 2223 1036 2276 Agide
1048 2227 1144 2266 &in
1163 2231 1314 2281 Pyrrho
1329 2261 1345 2282 ‚

66 2256 279 2310 &fimilim
321 2265 496 2316 Utrique
523 2279 677 2318 praeno-
734 2273 773 2309 &
805 2277 1034 2317 Pausaniam
1055 2282 1097 2319 in
1123 2285 1207 2323 Att.
1241 2287 1282 2324 ὃ(
1299 2289 1346 2328 in

69 2318 161 2351 men
178 2325 263 2352 erat
281 2316 453 2357 Marcus.
731 2328 874 2367 Lacon.

121 2376 138 2403 1
182 2364 375 2418 Cleonymo
389 2399 400 2409 .
421 2399 431 2410 .
452 2401 460 2410 .
505 2373 676 2413 zacedae-
788 2393 809 2417 2
841 2381 1025 2426 Thurias.
1042 2414 1052 2428 .
1067 2417 1078 2428 .
1101 2388 1142 2428 in
1164 2390 1347 2432 Sallenti-

58 2418 219 2472 monio]
252 2424 329 2460 Hic
361 2421 438 2462 fine
473 2424 595 2465 dubio
625 2427 680 2468 est
730 2430 828 2484 nis]
867 2435 1012 2477 Zburiae
1041 2469 1053 2486 ,
1090 2440 1165 2482 five
1208 2445 1355 2495 Thurii

67 2469 304 2523 cleonymus
331 2477 552 2518 Cleomenis
579 2485 679 2535 regis
731 2486 824 2527 urbs
848 2515 863 2537 ,
890 2492 995 2542 prius
1035 2493 1188 2546 Sybaris
1212 2523 1224 2543 ,
1260 2512 1344 2539 cer-

66 2521 198 2574 filius,
226 2529 318 2566 Arei
356 2534 457 2584 regis
491 2546 677 2585 patruus,
730 2537 769 2578 τὲ
809 2554 929 2595 prope
970 2546 1142 2596 Sybarim
1179 2563 1223 2588 ex
1261 2556 1344 2605 ejus

64 2591 184 2632 quem
209 2579 340 2633 postea
373 2587 543 2638 Pyrrhus
562 2590 603 2627 in
620 2602 680 2628 re·
732 2595 852 2633 ruinis
875 2597 1034 2637 condita
1051 2627 1063 2648 ,
1083 2599 1105 2639 a
1124 2601 1343 2648 Sallentinis

66 2642 187 2684 gnum
207 2646 388 2677 revocare
402 2643 676 2696 tentavit-vid.
732 2651 946 2691 Tarentino
972 2650 1052 2692 finu
1079 2655 1284 2701 dividiturt

150 2689 278 2741 Dm.
299 2696 365 2743 11.
1063 2710 1116 2759 O
