1680 3110
325 122 458 201 306
696 89 1225 184 *T.L1v11

171 210 304 261 0:449·
325 201 515 254 columi
564 201 784 252 Hernico
828 203 1026 254 nomine
1071 204 1415 258 miffitaverant
1460 203 1600 257 fimul

165 252 306 295 ΨΜ·
325 285 440 320 cum
471 269 528 319 iis
557 267 761 319 Samniti
790 268 1078 332 auxilia-3&
1101 271 1204 339 post
1225 273 1468 323 Hernicos
1489 274 1602 324 sub-

323 336 486 395 astos,
511 335 735 385 universa
771 353 923 403 prope
957 351 1106 404 gens,
1131 337 1226 387 fine
1260 338 1600 399 diffimulatio-

322 419 383 452 ne
415 398 600 451 consilii
637 400 822 470 publici
856 441 872 464 ,
909 403 967 454 ad
1006 403 1168 454 hostes
1203 403 1472 457 desciverat
1503 427 1515 455 :
1549 407 1602 456 δε

323 466 581 540 postquam
602 507 613 526 ,
647 468 748 519 isto
779 471 938 519 Romae
963 487 1079 521 cum
1109 470 1406 522 Samnitibus
1436 470 1604 522 foede-

323 550 409 595 re,
445 533 642 584 feciales
681 551 916 586 venerant
950 554 1026 587 res
1062 538 1356 606 repetitum,
1380 543 1601 588 tentatio-

323 619 426 650 nem
455 600 650 651 aiebant
676 602 783 669 effe,
814 619 865 651 ut
897 621 1065 654 terrore
1096 605 1255 672 incuffo
1289 603 1409 653 belli
1435 611 1603 654 Roma-

325 686 404 716 nos
418 671 470 733 se
483 668 597 734 fieri
624 683 899 734 paterentur.
924 673 1045 737 quod
1063 686 1335 738 quantopere
1361 673 1604 737 optandum

312 736 439 800 foret
453 771 469 792 ,
494 739 714 784 Hernicos
748 737 932 804 docuiffe
955 759 969 785 :
992 756 1131 804 quum
1148 774 1164 795 ,
1192 739 1358 804 quibus
1381 737 1598 796 licuerit,

313 803 429 866 suas
461 800 585 868 leges
618 809 823 852 Romanae
854 805 1049 854 civitati
1072 806 1429 872 praeoptaverint
1453 826 1467 853 .·
1491 807 1603 872 qui-

326 870 411 919 bus
444 868 627 936 legendi
659 872 772 936 quid
804 870 997 919 mallent
1027 873 1156 939 copia
1188 889 1273 919 non
1300 872 1450 935 fuerit
1470 907 1486 927 ,
1551 891 1603 921 ro

319 949 454 1002 poena
485 936 771 1002 neceffkriam
800 939 1043 988 civitatem
1060 941 1180 1004 jore.
1212 935 1299 987 Ob
1322 936 1424 986 haec
1446 955 1512 988 vu
1535 937 1605 1006 gb

328 1003 380 1053 in
409 1003 634 1053 conciliis
663 1003 833 1068 jaeiata
854 1042 869 1064 ‚
905 1003 1118 1072 populus
1145 1006 1389 1054 Romanus
1418 1002 1604 1056 bellum

164 1077 297 1114 Bellum
331 1068 435 1119 fieri
457 1070 630 1138 AEquis
645 1069 774 1128 juffit
793 1089 805 1121 z
824 1070 1146 1141 consulesque
1166 1070 1309 1121 ambo
1333 1068 1393 1120 ad
1418 1086 1606 1123 novum

117 1139 190 1209 Ἥζ
219 1130 284 1161 AE·
330 1135 539 1204 profecti
563 1136 747 1188 bellum
765 1176 780 1199 ‚
804 1152 1017 1206 quatuor
1040 1137 1255 1189 millibus
1279 1136 1304 1187 ὲ
1327 1135 1490 1188 castris
1512 1138 1604 1189 ho-

115 1186 137 1220 ξ
193 1201 204 1213 ’
328 1203 472 1255 stium
513 1203 857 1259 consederunt.
905 1207 1180 1274 AEquorum
1219 1203 1467 1255 exercitus
1507 1208 1606 1267 (ut
1668 1208 1672 1213 '

367 1270 417 1322 ui
445 1271 530 1323 suo
552 1271 751 1322 nomine
774 1272 1045 1340 permultos
1068 1287 1219 1324 annos
1243 1270 1463 1321 imbelles
1487 1272 1608 1337 egis·

349 1339 467 1401 ent)
504 1338 828 1390 tumultuario
853 1338 1014 1390 similis
1032 1379 1046 1401 ‚
1065 1340 1161 1390 {ine
1191 1336 1403 1389 ducibus
1425 1338 1607 1400 certis,
1654 1378 1668 1382 -

325 1404 422 1455 fine
445 1404 509 1456 im
548 1405 651 1456 erio
671 1405 929 1475 trepidare.
952 1405 1032 1456 alii
1053 1403 1335 1458 exeundum
1353 1403 1402 1455 in
1424 1404 1602 1467 aciem,

325 1469 410 1522 alii
446 1476 520 1522 cai
548 1488 596 1522 ra
634 1473 817 1525 tuenda
855 1474 1052 1524 censent
1089 1488 1103 1522 ι
1138 1486 1306 1524 movet
1346 1469 1609 1539 plerosque

325 1536 530 1589 vastatio
561 1536 726 1590 futura
758 1554 986 1603 agrorum
1007 1577 1022 1601 ‚
1053 1556 1107 1590 ac
1140 1537 1371 1606 deinceps
1399 1554 1512 1589 cum
1537 1536 1608 1589 le-

326 1604 473 1657 vibus
493 1604 716 1674 praesidiis
736 1594 933 1658 ufbium
958 1604 1237 1658 relicTtarum
1259 1602 1484 1657 exscidia.
1507 1607 1609 1655 Ita·

328 1687 426 1739 que
451 1670 704 1739 postquam
725 1671 852 1724 inter
874 1671 1051 1725 multas
1072 1671 1332 1724 sententias
1352 1688 1447 1722 una
1465 1709 1479 1732 ,
1498 1687 1609 1740 quae

325 1737 501 1788 omiss&
528 1738 647 1790 curfi
670 1739 1007 1791 communium
1032 1740 1092 1792 ad
1118 1737 1388 1808 respectum
1415 1738 1611 1790 suarum·

325 1820 577 1875 quemque
618 1822 780 1857 rerum
819 1804 1071 1868 vertisset,
1109 1806 1275 1858 audita
1305 1843 1319 1867 ,
1357 1818 1414 1856 ut
1449 1803 1606 1874 prima

323 1871 494 1938 vigilia
529 1870 699 1923 diverfi
736 1871 763 1923 ὲ
802 1872 965 1924 castris
1005 1872 1064 1924 ad
1102 1870 1403 1942 deportanda
1441 1871 1607 1922 omnia

326 1938 608 2007 tuendaque
641 1940 895 1990 moenibus
925 1940 972 1990 in
1003 1940 1150 1991 urbes
1185 1940 1374 1991 abirent
1399 1960 1413 1999 3
1441 1938 1606 1990 cunffi

328 2020 433 2054 eam
468 2006 753 2056 sententiam
788 2006 973 2073 ingenti
1010 2005 1191 2059 affensu
1225 2021 1473 2073 accepere.
1515 2006 1610 2056 Pa-

327 2069 439 2120 iatis
474 2071 694 2122 hostibus
723 2088 807 2138 per
841 2088 982 2140 agros
1012 2111 1027 2134 ‚
1064 2073 1217 2136 primi
1250 2071 1361 2123 luce
1399 2071 1605 2123 Romani

327 2135 473 2203 fignis
497 2138 698 2206 prolatis
721 2140 769 2189 in
795 2139 902 2192 acie
925 2138 1213 2191 consistunt:
1236 2141 1287 2190 δε
1313 2175 1329 2198 ,
1352 2136 1436 2190 ubi
1460 2154 1606 2190 nemo

327 2203 509 2254 obvius
548 2204 648 2256 ibat
678 2242 693 2267 ‚
733 2204 879 2271 pleno
918 2205 1073 2273 gradu
1113 2206 1171 2256 ad
1207 2203 1353 2256 castra
1394 2204 1608 2257 hostium

330 2269 556 2323 tendunt.
583 2270 820 2330 Ceterum
842 2310 858 2333 ‚
879 2272 1133 2340 postquam
1157 2272 1222 2323 ibi
1249 2287 1409 2339 neque
1435 2270 1605 2322 statio-

332 2353 418 2388 nes
448 2356 536 2406 pro
566 2338 722 2406 portis
741 2377 756 2398 ‚
787 2355 877 2389 nec
904 2357 1204 2406 quemquam
1231 2339 1280 2388 in
1311 2336 1442 2389 vallo
1461 2375 1477 2398 ,
1514 2355 1606 2389 nec

331 2403 585 2456 fremitum
619 2406 908 2456 consuetum
946 2406 1213 2466 castrorum
1252 2404 1606 2456 animadverte·

330 2486 480 2533 runt3
505 2471 698 2522 insolito
730 2469 918 2523 silentio
950 2473 1069 2525 moti
1104 2512 1117 2534 ‚
1157 2486 1290 2523 metu
1329 2469 1606 2523 insidiarum

331 2537 600 2589 subsistunt.
648 2538 915 2606 transgressi
967 2539 1141 2591 deinde
1187 2537 1369 2591 vallum
1397 2576 1410 2598 ,
1448 2555 1605 2605 quum

332 2602 517 2658 deserta
542 2605 704 2657 omnia
725 2603 1013 2661 invenissent
1036 2645 1050 2671 ,
1077 2620 1286 2679 pergunt
1313 2603 1498 2657 hostem
1519 2621 1604 2656 ve-

115 201 164 237 ι’.

114 258 151 286 a.
