1669 3052
51 320 247 392 cepisset
269 317 414 369 urbes
433 353 446 374 ,
472 314 522 362 &
543 316 784 358 trecentas
814 293 1019 347 familias
1046 285 1249 338 illustres
1272 282 1322 330 in

49 391 278 458 Epirum,
338 398 422 433 uas
446 375 666 429 obfidum
695 381 900 418 numero
925 357 1128 409 haberet
1145 390 1160 414 ‚
1181 347 1325 399 mifis-

54 459 125 508 set
159 478 174 516 3
207 402 340 503 hau3
374 442 546 515 procul
584 431 815 488 Pandosia
855 426 976 479 urbe
1016 419 1327 472 imminentes

55 520 264 575 Lucanis
297 532 351 567 ac
387 506 593 562 Bruttiis
631 500 808 551 finibus
843 508 942 544 tres
984 486 1201 540 tumulos
1241 481 1327 532 ali<-

62 585 299 657 quantum
331 582 456 630 inter
490 575 536 624 se
565 568 790 620 distantes
820 558 993 609 insedit
1013 594 1028 615 ‚
1062 570 1117 603 ex
1151 549 1334 618 quibus

62 651 357 707 in⁴curfione5
386 645 434 694 in
465 653 661 691 omnem
691 644 875 700 partem
904 623 1003 689 agri
1035 618 1224 670 hostilis
1259 613 1333 664 fa-

64 735 214 772 ceret.
256 718 317 764 Et
343 712 584 762 ducentos
620 701 771 750 ferme
803 699 1113 744 Lucanorum
1146 680 1338 733 exsules

64 788 195 838 circa
230 784 275 832 se
313 798 405 848 pro
438 773 545 825 fidis
577 765 787 819 habebat
817 798 834 820 ‚
872 772 930 808 ut
964 754 1194 823 pleraque
1233 747 1340 812 ejus

66 852 260 922 generis
291 843 482 912 ingen-ia
516 840 624 888 sunt
642 873 658 894 ,
686 848 800 881 cum
828 824 1026 874 fortuna
1049 814 1339 868 mutabilem

65 932 292 988 gerentes
316 912 476 963 fidem.
512 903 700 954 Imbres
721 890 948 946 continuiv
973 885 1156 954 campis
1179 880 1344 932 omni*

70 989 163 1037 bus
186 979 472 1035 inundantes
493 1012 506 1033 ,
532 985 685 1037 quum
708 954 1074 1013 interclufiffent
1100 947 1342 1000 trifariam

71 1052 344 1105 exercitum
368 1044 392 1094 a
412 1053 586 1091 mutuo
609 1033 734 1082 inter
759 1030 802 1077 se
827 1022 1042 1081 auxili03
1067 1019 1168 1068 duo
1189 1012 1345 1083 praefi·-

72 1121 151 1171 dia
165 1157 179 1180 ,
195 1132 300 1184 quae
318 1111 411 1161 fine
432 1121 542 1173 rege
559 1113 694 1153 erant
708 1089 1004 1159 ‚improviso
1025 1083 1242 1136 hostium
1258 1078 1346 1128 ad«

72 1199 226 1239 ventu
260 1178 602 1247 opprimuntur
627 1185 638 1218 ε
666 1161 936 1225 deletisque
973 1153 1043 1204 eis
1064 1189 1079 1211 ‚
1110 1148 1168 1199 ad
1199 1144 1346 1213 ipsius

73 1250 377 1304 obsidionem
394 1255 561 1293 omnes
579 1227 805 1286 conversi.
827 1223 947 1276 Inde
959 1222 1016 1272 ab
1036 1214 1243 1268 Lucanis
1263 1227 1350 1276 ex3-

75 1318 259 1370 sulibus
285 1312 345 1364 ad
367 1312 476 1361 su'os
499 1300 672 1357 nuncii·-
696 1294 812 1348 m’xffi
838 1292 946 1342 sunt
967 1307 980 1339 z
1002 1283 1244 1356 paeloque
1273 1294 1349 1329 re*

78 1386 186 1437 ditu
204 1422 219 1444 ‚
243 1373 525 1450 promissum
554 1369 620 1420 est
638 1406 653 1429 ‚
687 1378 851 1430 regem
873 1398 889 1420 ‚
924 1369 1007 1408 aut
1033 1351 1205 1404 vivum
1223 1386 1239 1408 ,
1262 1358 1352 1396 aut

80 1465 330 1502 mortuum
343 1484 359 1507 ‚
375 1444 424 1493 in
440 1437 723 1510 potestatem
743 1430 961 1479 daturos,
980 1414 1217 1472 Ceterum
1237 1429 1354 1463 cuna

80 1516 280 1570 deleffls
305 1513 405 1581 ipse
442 1504 693 1574 egregium
720 1495 908 1548 facinus
941 1489 1079 1540 ausus
1096 1523 1112 1547 ,
1132 1499 1218 1551 per
1245 1495 1356 1530 me-

84 1586 193 1636 dios
217 1577 429 1646 erumpit
446 1572 608 1625 hostes
629 1607 643 1629 ‚
668 1569 721 1617 δε
745 1562 922 1613 ducem
943 1561 1253 1607 Lucanorum
1273 1563 1361 1596 co·-

85 1653 245 1704 minus
279 1640 582 1711 congreffum
617 1635 879 1685 obtruncat
912 1643 925 1675 ε
967 1614 1361 1682 contrahensque

89 1722 199 1770 suos
222 1732 282 1766 ex
310 1712 427 1778 fuga
445 1707 662 1777 palatos,
692 1693 916 1768 pervenit
943 1690 1002 1739 ad
1031 1700 1221 1738 amnem
1255 1678 1364 1729 rui-

90 1785 166 1838 nis
193 1779 479 1833 recentibus·
500 1769 663 1842 pontis
684 1805 698 1828 ,
720 1780 868 1832 quem
897 1757 972 1808 vis
992 1769 1125 1821 aquae
1150 1745 1365 1799 abstuless

94 1866 167 1904 rat
188 1889 202 1910 ,
224 1846 521 1900 indicantem
542 1840 651 1889 iter.
677 1847 824 1900 quem
849 1842 1003 1894 quum
1026 1821 1215 1870 incerto
1241 1811 1370 1864 vado

98 1916 317 1969 tranfiret
346 1921 518 1978 agmen
536 1945 552 1968 ,
572 1900 715 1955 feffus
744 1909 879 1946 metu
914 1907 969 1941 ac
998 1887 1164 1938 labore
1191 1879 1370 1939 miles,

97 1986 352 2050 increpans
382 1990 560 2027 nomen
593 1959 967 2020 abominandum
998 1950 1244 2010 fluminis,
1265 1953 1374 2001 Iure

98 2055 295 2103 Acheros
336 2044 518 2094 vocaris
545 2076 560 2096 ‚
595 2031 775 2102 inquit.
824 2023 982 2091 Quod
1019 2019 1105 2071 ubi
1142 2016 1202 2066 ad
1234 2026 1378 2065 aures

101 2114 282 2170 accidit
315 2111 442 2177 regis
471 2147 484 2168 ,
518 2102 695 2170 adjecit
725 2090 972 2159 extemplo
1005 2086 1222 2137 animum
1263 2077 1381 2129 fatis

104 2184 200 2236 suis
230 2220 246 2244 ,
282 2175 591 2241 substititque
630 2164 809 2219 dubius
835 2200 849 2223 ,
884 2176 943 2209 an
979 2151 1211 2206 tra-nfiret.
1250 2149 1387 2197 Tum

109 2334 224 2387 §atius
248 2340 427 2369 neutram
454 2335 498 2363 ex
524 2322 583 2360 his
606 2317 716 2357 urbi·
773 2319 963 2352 canorum
990 2304 1104 2346 urbes
1129 2301 1229 2339 sunt.
1256 2298 1301 2334 Et
1323 2305 1393 2334 ve·-

112 2389 182 2426 bus
217 2389 257 2423 in
297 2381 438 2421 finibus
476 2381 721 2414 Lucanorum
777 2365 822 2406 ro
845 2377 888 2403 ex
914 2365 959 2401 iis
979 2390 990 2409 ‚
1012 2370 1097 2412 quae
1124 2351 1229 2393 infra
1255 2348 1301 2387 de
1329 2347 1390 2386 la·-

111 2438 260 2480 includi
292 2452 300 2475 z
337 2449 381 2474 ac
423 2445 496 2484 pro
532 2425 723 2478 Consentia
778 2421 974 2459 ceratione
991 2411 1167 2465 corporis
1186 2405 1282 2456 regii
1299 2413 1394 2440 nat-

111 2495 322 2546 suspicatur
355 2484 562 2539 legendum
598 2482 724 2516 Poten-
782 2484 916 2512 rantur
934 2498 945 2516 ‚
974 2471 1225 2516 Metapontus
1241 2455 1396 2496 videtur

110 2558 231 2590 taam,
251 2556 322 2596 pro
349 2544 497 2593 Siponto
525 2536 727 2585 Metapon-
781 2530 822 2566 in
847 2520 1062 2564 Alexandri
1088 2512 1274 2569 potestate
1298 2506 1397 2547 fuis-

112 2611 196 2643 tum
217 2625 230 2647 ,
261 2607 345 2650 quae
374 2591 479 2633 haud
505 2583 623 2629 dubie
651 2587 733 2626 Lu-.
783 2581 820 2620 se
838 2608 851 2630 ‚
873 2589 954 2618 non
978 2578 1071 2615 item
1103 2566 1331 2625 Consentia,

1077 2620 1251 2688 1ii3⁴
