1669 3052
397 63 781 128 LIBER
868 66 1032 130 VII.
1261 76 1349 149 '95

27 211 29 213 ,
52 153 199 220 rique·
228 148 451 217 praefidiis
481 149 674 200 firmati.
704 153 758 201 δε
776 188 791 211 ,
819 149 906 201 ubi
938 150 1094 219 prima
1124 147 1210 201 lux
1242 169 1345 201 me-
1363 160 1558 205 [λικε.

57 219 277 278 diocrem
323 216 692 267 multitudinem
744 231 856 267 ante
901 217 1090 272 moenia
1121 255 1138 278 ,
1175 233 1341 286 neque
1360 208 1555 252 ³·C·35⁶·

53 285 205 337 alium
232 285 381 352 quam
408 284 667 334 Tiburtem
699 283 892 335 hostem
925 283 1140 336 ostendit
1165 324 1181 348 ,
1222 283 1344 335 dua·
1392 301 1558 337 Tiburtes

59 351 151 412 bus
191 351 345 417 portis
384 352 552 418 egreffi
593 350 815 402 consules
841 390 857 413 ,
892 353 1148 421 utrimque
1187 351 1345 403 aciem
1362 349 1408 383 “d
1448 350 1557 404 R⁰mi⁶

19 418 375 478 ¹<subeuntium
406 419 500 484 jam
538 435 710 468 muros
753 418 1127 486 aggrediuntur.
1175 422 1346 488 Appa-
1362 408 1558 485 Zizmams

52 484 262 550 'ruitque
287 484 539 535 occasione
566 485 718 550 magis
740 524 755 545 ,
792 487 942 552 quam
976 488 1163 539 virtute
1195 486 1352 536 fretos

59 549 279 605 venisse:
308 551 429 601 adeo
461 551 543 602 vix
577 551 789 619 primum
821 552 1062 621 impetum
1101 556 1354 603 Romano-

61 637 172 672 rum
195 617 477 676 sustinuere.
515 617 657 682 Quin
682 618 830 668 etiam
853 619 986 670 bono
1012 619 1153 670 fuisse
1179 623 1358 670 Roma-

63 687 139 737 nis
172 686 439 736 adventum
475 701 648 734 eorum
687 685 936 736 constabat
957 725 971 747 ,
1006 687 1356 754 orientemque

0 784 1 788 =
62 753 159 821 jam
192 752 482 803 seditionem
514 751 643 801 inter
679 756 849 802 Patres
885 756 934 803 &
966 753 1193 822 plebem,
1218 768 1360 805 metu

64 835 167 876 tam
188 819 460 888 propinqui
481 817 599 868 belli
632 817 966 887 compressam.
1001 820 1145 871 Alius
1168 820 1358 872 adven·

66 903 147 938 tus
183 887 395 938 hostium
432 884 531 936 fuit
566 885 795 952 proximo
831 885 963 936 bello
989 925 1003 946 ‚
1044 888 1170 955 agris
1206 887 1359 954 quam

66 954 180 1005 urbi
223 952 505 1005 terribilior.
564 950 909 1020 Populabundi
945 955 1356 1022 Tarquinienses,
1393 964 1555 1013 ‘Tarqui-

67 1021 190 1072 fines
214 1025 458 1075 Romanos
476 1058 490 1078 ‚
516 1018 724 1069 maxime
749 1037 846 1086 qua
871 1037 930 1069 ex
955 1037 1092 1088 parte
1113 1021 1358 1072 Etruriam
1373 1013 1569 1098 yiensebel·

68 1089 290 1153 adjacent
311 1126 325 1148 ,
364 1101 681 1154 peragravere
709 1103 720 1135 :
746 1085 989 1155 rebusque
1022 1088 1360 1155 nequicquam
1391 1076 1460 1103 Μ’·

69 1155 291 1225 repetitis
307 1193 323 1214 ,
348 1155 466 1203 novi
491 1151 744 1213 consule8,
767 1155 828 1202 C.
852 1153 1022 1204 Fabius
1045 1158 1095 1206 δε
1119 1159 1181 1207 C.
1204 1155 1358 1205 Plau·
1377 1181 1465 1217 uc,
1481 1158 1571 1221 39'7,

71 1223 172 1274 tius
193 1261 208 1283 ,
237 1221 359 1295 jussu
394 1219 566 1289 populi
601 1218 786 1269 bellum
817 1219 1038 1271 indixere
1063 1245 1078 1284 3
1108 1221 1358 1289 Fabioque
1377 1229 1571 1277 ωαψ-

73 1307 129 1341 ea
153 1288 406 1359 provincia
424 1327 440 1349 ,
464 1286 659 1338 Plautio
681 1286 887 1336 Hernici
917 1303 1141 1340 evenere.
1177 1289 1359 1340 Gallici
1377 1271 1575 1358 gfffi'ffi:

76 1375 282 1427 quoque
320 1355 437 1406 belli
479 1354 604 1405 fama
645 1352 1055 1404 increbrescebat.
1100 1355 1196 1407 Sed
1235 1357 1363 1407 inter
1381 1350 1563 1407 tibcoff.

39 1479 42 1482 ,
75 1423 260 1476 multos
286 1438 499 1474 terrores
526 1421 699 1471 solatio
731 1419 828 1471 fuit
857 1437 952 1488 pax
983 1419 1164 1473 Latinis
1193 1440 1368 1490 peren-

76 1491 211 1542 tibus
247 1490 357 1540 data
383 1529 397 1548 ,
437 1493 486 1540 &
521 1503 693 1555 magna
724 1488 800 1540 vis
832 1487 1046 1538 militum
1074 1487 1134 1536 ab
1169 1490 1226 1540 iis
1252 1531 1268 1554 ,
1305 1509 1370 1544 ex

78 1557 274 1609 foedere
298 1556 492 1608 vetusto
510 1595 524 1618 ,
547 1554 687 1624 quod
711 1554 879 1606 multis
902 1553 1263 1605 intermiserant
1286 1576 1370 1610 an-

78 1625 186 1686 nis,
213 1639 429 1693 accepta.
465 1640 567 1692 quo
597 1621 813 1689 praesidio
843 1640 999 1690 quum
1024 1621 1153 1672 fulta
1176 1637 1251 1671 res
1279 1623 1377 1672 Ro-

81 1709 221 1742 mana
242 1691 357 1743 effet
376 1731 389 1753 ‚
411 1691 570 1743 levius
593 1689 692 1741 fuit
707 1728 720 1747 ,
751 1689 892 1758 quod
916 1687 1088 1740 Gallos
1110 1706 1225 1739 mox
1248 1690 1380 1738 Prae-

81 1758 214 1809 neste
244 1758 455 1820 venisse,
489 1771 537 1809 at
577 1775 639 1808 ue
666 1757 781 1807 inde
815 1758 947 1808 circa
980 1755 1171 1806 Pedum
1204 1757 1377 1806 conse-

84 1823 200 1876 diffe
221 1861 236 1883 ‚
263 1823 486 1875 auditum
521 1827 602 1874 el.
639 1824 949 1875 Di&atorem
980 1823 1078 1873 dici
1112 1826 1177 1872 C.
1211 1823 1376 1891 Sulpi·
1417 1842 1585 1888 sulpicii„

83 1893 217 1943 cium
247 1892 445 1959 placuit.
475 1890 645 1941 consul
675 1891 735 1942 ad
761 1890 811 1941 id
844 1891 1036 1941 accitus
1061 1892 1123 1942 C.
1152 1889 1375 1943 Plautius
1394 1893 1586 1939 didm&

85 1958 226 2009 dixit.
264 1958 484 2026 magister
524 1958 755 2026 equitum
797 1957 1026 2009 dictatori
1068 1956 1264 2008 additus
1302 1964 1375 2010 M.

86 2024 331 2076 Valerius.
370 2024 433 2075 Hi
460 2025 639 2075 robora
664 2025 879 2076 militurn
904 2065 919 2086 ‚
955 2042 1015 2076 ex
1039 2023 1238 2076 duobus
1260 2043 1381 2076 con·-

88 2092 328 2143 sularibus
363 2091 666 2142 exercitibus
698 2092 854 2143 eleffita
879 2131 896 2153 ,
939 2089 1172 2144 adversus
1208 2093 1381 2143 Gallos

91 2158 354 2210 duxerunt.
390 2158 595 2209 Lentius
619 2158 668 2208 id
692 2160 945 2228 aliquanto
971 2158 1156 2210 bellum
1175 2196 1192 2220 ,
1229 2160 1381 2228 quarn

129 2226 216 2283 arti
234 2226 433 2294 utrique
452 2225 676 2293 placebat
697 2266 712 2287 ,
742 2226 853 2279 fuit.
877 2231 1052 2289 Quum
1076 2226 1236 2295 primo
1262 2227 1383 2278 Gal·
1444 2251 1578 2287 Bellum

89 2244 132 2343 li
153 2291 343 2343 tantum
367 2292 497 2344 avidi
519 2294 799 2344 certaminis
823 2293 1021 2346 fuissent
1037 2333 1052 2353 ‚
1087 2293 1265 2344 deinde
1290 2298 1383 2345 Ro·
1400 2298 1591 2341 Gallicum·

0 2370 17 2373 “
94 2375 269 2409 manus
292 2359 431 2410 miles
456 2358 648 2410 ruendo
672 2361 722 2412 in
746 2379 876 2411 arma
901 2377 955 2411 ac
980 2361 1383 2424 dimicationem,

99 2425 404 2495 aliquantum
441 2426 682 2477 Gallicam
720 2427 956 2479 ferociam
995 2429 1219 2482 vinceret
1252 2452 1268 2491 3
1308 2427 1384 2490 di÷
1429 2450 1597 2488 misiam.

100 2492 276 2543 statori
304 2494 593 2563 neutiquam
629 2495 851 2562 placebat
868 2535 883 2557 ,
916 2495 1116 2564 quando
1143 2495 1275 2546 nulla
1302 2497 1599 2551 co-rfffflvftae·

98 2574 241 2627 geret
263 2578 340 2615 res
357 2600 376 2627 ,
400 2560 614 2615 fortunae
636 2563 684 2615 se
705 2563 1023 2618 committere
1043 2561 1276 2620 adversus
1296 2563 1390 2618 ho-
1409 2555 1471 2587 Μ·
