1680 3110
302 179 432 225 220
605 227 609 232 ἱ
705 146 781 206 Τ.
877 141 929 199 L
977 158 1003 196 1
1053 155 1093 196 v
1139 154 1165 192 1
1211 150 1238 191 1

151 280 282 315 0432,
304 244 526 313 equitem
556 232 796 287 affecutus
816 262 831 284 ,
852 224 904 272 δε
940 216 1061 269 totis
1091 214 1185 279 jam
1210 208 1366 278 copiis
1387 200 1578 256 Samnis

180 328 282 365 -320·
305 311 528 378 urgebat.
568 304 697 349 Tum
719 291 928 342 dictator
947 323 962 346 ,
997 281 1253 351 postquam
1275 275 1370 326 fine
1400 272 1580 336 maigno

304 367 627 430 incommodo
657 354 888 430 progredi
913 369 1010 403 non
1041 360 1234 416 poterat
1255 382 1270 403 ‚
1292 358 1406 392 eum
1423 340 1580 405 ipsum

258 449 262 453 ’
302 447 355 496 in
386 457 488 509 quo
511 430 794 485 constiterat
819 422 987 472 locum
1008 456 1023 478 ,
1051 412 1214 464 castris
1237 408 1458 459 dimetari
1485 402 1583 467 jus-

304 509 374 561 sit.
411 520 428 543 1
463 503 515 554 id
546 497 666 552 veto
689 534 704 556 ,
730 485 1031 543 circumfuso
1063 478 1282 544 undique
1321 472 1582 539 equitatu,

306 590 364 627 ut
391 571 574 626 vallum
609 574 888 633 peteretur,
924 550 1144 619 opusque
1180 543 1418 608 inciperet
1438 575 1453 596 ,
1475 532 1580 584 fieti

309 659 411 693 non
445 646 652 706 poterat.
691 633 866 692 Itaque
890 659 903 682 ,
936 618 1022 670 ubi
1057 628 1217 679 neque
1243 605 1390 660 eundi
1423 615 1587 668 neque:

311 704 540 761 manendi
564 696 753 765 copiam
779 689 870 741 effe
894 685 1056 743 videt,
1079 677 1269 732 instruit
1292 673 1443 724 aciem
1462 709 1474 728 ‚
1497 667 1590 716 im-

311 768 606 845 pedimentis
624 780 682 814 ex
703 758 892 828 agmine
910 748 1126 803 remotis,
1145 743 1395 794 Instruunt
1415 731 1592 786 contr&

315 848 365 894 &
400 838 562 891 hostes
582 873 596 895 ‚
619 834 668 883 δε
691 825 859 880 animis
899 823 950 871 διε
984 814 1171 866 viribus
1207 823 1362 879 pareS.
1388 811 1592 854 auxerat

314 909 368 961 id
404 901 613 958 maxime
637 897 822 948 animos
841 928 853 950 ‚
879 883 1017 956 quod
1047 878 1201 948 ignari
1225 888 1245 910 2
1272 874 1384 923 loco
1416 869 1592 933 iniquo

317 993 417 1028 non
440 969 566 1023 hosti
605 963 784 1015 cessum
807 996 820 1018 ,
857 954 995 1006 velut
1026 947 1271 1015 fugientes
1305 956 1360 990 ac
1393 936 1594 987 territos

317 1038 561 1095 terribiles
586 1031 670 1103 ipsl
703 1023 855 1079 secuti
887 1020 1095 1071 fuerant.
1132 1011 1189 1062 Id
1207 1002 1594 1074 aliquamdiu-ae-

321 1107 496 1181 quavit
522 1115 766 1170 pugnam,
803 1092 895 1155 jam
930 1083 1115 1159 pridem
1148 1078 1350 1135 desueto
1382 1066 1598 1122 Samnite

143 1188 302 1228 Praelinm
324 1179 589 1228 clamorem
614 1159 817 1216 Romani
853 1150 1095 1205 exercitus
1129 1144 1242 1215 pati.
1286 1144 1355 1188 At
1392 1133 1598 1187 hercule

110 1249 231 1292 ‘'rm-
324 1245 411 1297 illo
446 1240 525 1291 die
558 1235 616 1287 ab
640 1233 763 1283 hora
787 1223 883 1275 diei
907 1218 1049 1270 tertia
1081 1214 1142 1264 ad
1176 1209 1396 1261 octavam
1423 1204 1488 1252 ita
1516 1216 1601 1250 an-

110 1294 262 1321 confluit·

112 1334 210 1373 titur,
326 1326 442 1380 ceps
477 1304 661 1374 dicitur
692 1306 937 1347 certamen
977 1279 1181 1337 stetisie5
1209 1291 1267 1326 ut
1306 1287 1467 1338 neque
1501 1266 1602 1318 cla-

90 273 143 313 U,

93 330 131 358 a.
144 321 175 355 C

331 1522 529 1576 recepta
549 1545 561 1564 ,
588 1514 750 1568 neque
772 1489 1021 1544 recursum
1044 1482 1101 1533 ab
1140 1477 1237 1530 ulla
1266 1474 1321 1524 fit
1357 1485 1510 1540 parte.
1545 1471 1606 1517 In

332 1581 420 1629 suo
440 1574 646 1643 quisque
665 1561 817 1633 gradu
838 1551 1034 1612 obnixi,
1053 1558 1281 1614 urgentes
1299 1537 1446 1590 scutis
1468 1545 1484 1576 ³
1508 1533 1607 1584 fine

332 1639 647 1711 respiratione
683 1648 736 1682 ac
783 1621 1001 1692 respectu
1053 1610 1349 1684 pugnabant.
1380 1602 1608 1654 fremitus

332 1707 531 1779 aequalis
553 1744 567 1765 ,
591 1712 833 1764 tenorque
854 1689 981 1740 idem
1001 1698 1171 1751 pugnae
1187 1688 1210 1720 4
1228 1677 1275 1726 in
1296 1667 1609 1737 defatigatio*

335 1795 450 1830 nem
474 1773 695 1825 ultimam
727 1776 812 1813 aut
834 1755 1030 1812 motem
1063 1743 1320 1817 speCmbat.
1357 1745 1463 1790 Jam
1491 1734 1626 1799 viris,

336 1846 468 1898 vires
488 1879 503 1901 ,
529 1840 623 1905 jam
659 1832 791 1884 fetro
823 1828 901 1877 sua
932 1820 1033 1878 νίς,
1056 1830 1150 1876 tam
1183 1807 1376 1861 confilia
1399 1801 1613 1854 ducibus

338 1913 542 1963 deerant
582 1944 594 1965 ,
647 1914 803 1967 quum
849 1885 1007 1942 subito
1048 1878 1335 1932 Samnitium
1378 1869 1570 1939 equites
1594 1901 1613 1927 ‚

343 1994 528 2047 quum,
554 1965 715 2021 turm&
751 1959 847 2013 un&
882 1951 1073 2019 longius
1109 1941 1372 2016 provecti,
1401 1935 1613 2002 accepis-

341 2049 447 2098 sent
479 2035 827 2108 impedimenta
867 2028 1198 2075 Romanorum
1239 2004 1413 2080 procul
1446 2003 1504 2054 ab
1539 2019 1616 2052 an.-

399 2192 414 2218 1
441 2176 494 2216 ld
508 2172 596 2214 verb
611 2179 628 2223 ]
646 2168 691 2209 Id
706 2163 800 2207 vero
815 2190 826 2211 ,
845 2174 953 2200 nem«
1063 2166 1079 2200 3
1108 2150 1192 2189 Sine
1204 2176 1214 2186 .
1231 2177 1238 2184 .
1259 2174 1268 2184 .
1285 2139 1476 2196 respeHu]
1496 2142 1554 2176 Ita
1573 2147 1616 2174 nt

346 2249 393 2290 pe
424 2244 466 2271 ut
504 2235 717 2282 peterentur
759 2219 865 2270 ligna
905 2211 954 2251 ad
1010 2218 1127 2259 nemo
1146 2200 1369 2252 respectaret
1382 2223 1393 2242 ‚
1411 2192 1450 2230 id
1465 2191 1515 2230 est
1527 2219 1539 2237 ‚
1559 2202 1617 2226 te-

348 2284 569 2328 struendum
586 2277 736 2319 vallum
752 2303 762 2320 ‚
778 2270 860 2310 ficri
876 2279 955 2306 non
1011 2259 1182 2299 ttorsum
1196 2264 1310 2306 caput
1327 2246 1534 2297 oculosque
1552 2240 1622 2282 fle·

348 2350 501 2396 poterat
517 2336 569 2375 ob
587 2326 866 2372 circumfusum
885 2333 955 2359 un·
1013 2315 1141 2352 (steret.

350 2396 466 2448 dique
480 2391 696 2443 equitatum
712 2378 910 2421 hostilem.
1064 2381 1090 2414 4
1123 2368 1173 2402 In
1201 2355 1502 2414 defatigationem
1533 2346 1626 2387 nhi-

407 2462 428 2486 2
451 2451 538 2485 Loco
556 2443 680 2496 iniquo
696 2448 766 2474 non
783 2430 876 2485 hosti
892 2425 962 2478 ces·
1015 2433 1114 2460 mam
1143 2425 1209 2454 aut
1236 2410 1375 2452 nostem
1397 2402 1620 2459 [pff-labat]

348 2503 432 2558 sum
453 2506 470 2550 ]
511 2496 602 2536 Ideo
641 2484 776 2530 cessisse
812 2489 962 2523 Roma-
1017 2473 1071 2513 Eo
1091 2484 1171 2511 rem
1189 2466 1375 2506 adducere
1389 2458 1592 2498 videbatur
1608 2481 1622 2501 ,

354 2569 426 2595 nos
449 2582 461 2601 ,
496 2548 601 2604 quod
632 2548 671 2583 in
704 2543 794 2581 loco
828 2539 963 2587 iniquo
1019 2541 1059 2566 ut
1077 2532 1269 2566 certamen
1287 2516 1419 2556 dirimi
1436 2525 1515 2550 non
1534 2507 1624 2560 pos-

353 2607 470 2649 effent
488 2634 499 2653 ‚
527 2614 606 2642 non
623 2596 730 2654 quod
745 2590 895 2634 hostem
913 2589 964 2630 ti·
1020 2575 1084 2631 set'
1102 2608 1114 2626 ,
1153 2573 1222 2615 nisi
1253 2584 1319 2611 aut
1349 2565 1630 2618 defatigatione

353 2671 517 2705 merent.
1022 2630 1161 2677 ultimfi
1173 2658 1185 2680 ‚
1205 2639 1273 2669 aut
1287 2623 1412 2667 noete.
