1680 3110
654 160 728 220 T.
813 161 868 220 L
913 180 938 220 1
986 180 1032 222 v
1079 180 1106 222 1
1151 184 1179 223 1

62 253 254 297 uene.
279 174 601 310 ξέεῒετᾳυατη
624 239 785 290 hostili
813 241 1030 293 ‘tumultu
1046 281 1060 303 ,
1080 244 1386 312 captivorum
1408 246 1561 301 etiam

62 301 535 376 ³·C·29⁶··repentin51
569 305 847 357 defectione
881 309 1132 359 turbatum
1166 327 1268 362 erat
1292 331 1304 363 τ
1325 316 1410 381 qui
1448 333 1554 384 par-

282 374 369 424 tim
409 371 492 439 ipfi
525 371 669 422 soluti
700 373 891 424 vinitos
922 375 1204 438 solvebant3
1229 381 1399 445 partim
1422 397 1553 433 arma

278 439 329 489 in
369 438 566 488 sarcinis
608 438 818 507 deligata
855 442 1103 511 rapiebant
1130 483 1145 504 ‚
1182 444 1554 516 tumultumque

277 504 445 622 praelio
466 505 567 573 ipso
589 507 931 559 terribiliorem
957 509 1210 560 intermisti
1234 511 1414 579 agmini
1435 531 1553 579 prae-

317 572 479 621 ebant.
511 573 880 624 Memorandum
915 575 1091 626 deinde
1122 576 1318 628 edidere
1347 577 1554 632 facinus,

279 654 392 689 narn
413 638 624 693 Statium
653 641 918 692 Minacium
948 642 1124 693 ducem
1145 682 1160 705 ‚
1189 645 1448 696 adeuntem
1479 661 1558 695 ot-

279 704 420 756 dines
458 705 870 774 hortantemque,
895 708 1149 760 invadunt.
1184 709 1412 778 diffipatis
1442 709 1556 761 inde

280 787 308 821 e
349 771 534 823 uiribus
553 812 566 830 ,
590 775 676 840 qui
695 791 808 824 cum
832 792 892 824 eo
916 775 1144 837 aderant,
1165 776 1319 845 ipsum
1340 777 1555 827 circum-

279 837 314 889 fi
360 853 475 889 unt:
500 839 882 908 insidentemque
916 859 1049 909 equo
1068 881 1082 903 ,
1116 857 1314 912 captum
1339 844 1404 906 ‘ad
1433 861 1556 893 con-

280 904 434 956 sulem
458 909 728 957 Romanum
753 907 961 974 rapiunt
988 912 1233 959 Revocata
1256 927 1316 960 eo
1337 909 1557 961 tumultu

279 972 435 1040 prima
466 973 593 1041 figna
626 975 946 1024 Samnitium:
971 975 1287 1043 praeliumque
1318 977 1412 1042 jam
1442 994 1558 1044 pro-

275 1038 503 1105 fligatum
537 1044 832 1107 integratum
863 1040 964 1099 est,
997 1059 1086 1091 nec
1119 1041 1304 1092 diutius
1339 1041 1558 1093 sustineri

274 1138 278 1145 ·
317 1106 463 1156 otuit.
501 1109 630 1156 Caesa
652 1107 711 1156 ad
736 1109 812 1157 sex
836 1107 985 1157 millia
1007 1107 1264 1159 hominum
1286 1127 1297 1159 ε
1321 1109 1422 1160 duo
1453 1108 1558 1159 mil-

276 1124 346 1223 iia
370 1176 418 1223 δέ
444 1174 560 1240 quin
601 1174 700 1223 enti
725 1174 853 1241 capti
873 1191 883 1223 :
906 1186 927 1208 ²
953 1174 1009 1222 in
1027 1174 1096 1224 eis
1127 1176 1313 1226 tribuni
1345 1175 1559 1227 militum

281 1254 496 1307 quatuor
520 1258 530 1290 ε
555 1188 680 1306 ἔξω.
705 1240 928 1289 militaria
955 1241 1154 1307 triginta
1175 1259 1186 1290 z
1213 1245 1266 1292 δε
1287 1281 1302 1303 ,
1326 1241 1464 1309 quod
1482 1241 1562 1292 lae-

283 1306 514 1356 tiffimum
548 1306 820 1356 vi&oribus
857 1305 952 1356 fuit
976 1344 989 1365 ‚
1023 1308 1330 1374 captivorum
1363 1322 1560 1375 recepta

282 1374 468 1439 septem
504 1371 654 1423 millia
688 1374 737 1422 &
772 1371 1116 1440 quadringenti
1145 1397 1159 1434 3
1193 1373 1346 1441 praeda
1386 1375 1560 1442 ingens

286 1438 535 1490 sociorum
561 1437 836 1507 :accitique
867 1438 1027 1489 edisto
1051 1439 1235 1489 domini
1262 1440 1320 1490 ad
1348 1458 1423 1491 res
1455 1442 1562 1491 suas

281 1505 553 1558 noscendas
578 1505 991 1581 recipiendasque.
1017 1506 1284 1558 Praestituta
1308 1507 1386 1556 die
1402 1546 1418 1568 ,
1437 1525 1560 1575 qua-

284 1589 395 1629 rum
432 1589 591 1623 rerum
626 1589 723 1622 non
754 1571 935 1622 exstitit
967 1572 1195 1623 dominus
1216 1611 1232 1634 ,
1268 1573 1412 1624 militi
1440 1591 1560 1622 con-

285 1636 419 1690 ceffae
454 1656 465 1689 z
503 1638 760 1706 coadtique
805 1638 1015 1690 vendere
1058 1640 1264 1706 praedam
1292 1678 1307 1702 ,
1346 1657 1407 1691 ne
1445 1639 1595 1702 alibiN

287 1704 439 1775 quam
470 1706 518 1755 in
554 1705 697 1756 armis
729 1705 942 1757 animum
977 1705 1231 1756 haberent.

351 1775 500 1823 XXI.
539 1776 774 1839 Magnum
806 1789 860 1822 ea
895 1771 1148 1839 populatio
1184 1773 1421 1840 Campani
1454 1772 1557 1840 agri

282 1838 557 1891 tumultum
590 1841 752 1889 Romae
781 1838 1049 1903 praebuerat
1069 1841 1154 1889 r&
1184 1855 1270 1907 per
1306 1855 1390 1888 eos
1428 1837 1560 1890 forte

282 1905 390 1956 dies
429 1923 487 1956 ex
527 1906 716 1955 Etruria
755 1905 952 1955 allatum
989 1920 1122 1967 erat,
1154 1904 1258 1973 post
1296 1905 1563 1958 deductum

282 1971 399 2022 inde
431 1971 817 2023 Volumnianum
842 1972 1146 2033 exercitum,
1170 1971 1411 2022 Etruriam
1442 1990 1559 2022 con-

285 2038 436 2091 citam
468 2038 518 2089 in
551 2056 679 2090 arma
697 2077 714 2102 ,
736 2050 754 2075 ¹
792 2041 846 2090 δε
879 2036 1099 2091 Gellium
1132 2038 1392 2105 Egnatium
1426 2041 1560 2091 Sam-

338 2184 361 2209 2
394 2177 441 2213 In
461 2172 516 2211 eis
539 2172 682 2211 tribum·
701 2170 896 2222 militum]
953 2171 1234 2212 Maharbalem
1276 2170 1490 2224 magistrum
1525 2185 1566 2210 e-

286 2228 355 2266 An
371 2227 491 2263 etiam
506 2226 607 2277 apud
625 2228 811 2265 samnites
827 2228 896 2265 tri·
952 2228 1110 2279 quitum.
1141 2230 1184 2264 Et
1202 2225 1278 2277 ipse
1297 2227 1422 2264 Livius
1439 2223 1563 2264 diffa-

287 2280 383 2318 buni
413 2278 586 2317 militum
610 2287 622 2317 ἓ
651 2279 898 2330 Intelligendi
954 2291 1067 2318 torem
1111 2278 1211 2330 apud
1257 2282 1396 2317 Poenos
1427 2280 1560 2317 nomi-

286 2332 470 2372 videntur
525 2332 700 2371 du&ores
743 2334 809 2384 qui
859 2335 899 2371 in
953 2344 1023 2372 nat
1049 2333 1075 2370 1.
1106 2336 1252 2371 XXIII.
1277 2345 1309 2371 c.
1340 2343 1400 2378 13.

287 2388 526 2425 Samnitium
564 2388 731 2424 exercitu
762 2384 899 2424 eodem
1011 2397 1024 2423 1
1058 2387 1108 2424 Et
1136 2384 1301 2424 Gellium
1324 2384 1559 2436 Egnatium]

289 2438 372 2478 sere
389 2442 473 2490 jure
495 2452 539 2477 ac
557 2437 740 2491 potestate
755 2435 872 2478 essent
885 2468 898 2487 ,
956 2443 1100 2492 Repete
1113 2451 1157 2478 ex
1174 2437 1474 2491 praecedentibus
1487 2452 1568 2476 con·

290 2505 371 2546 quo
393 2492 540 2530 tribuni
559 2492 732 2531 militurn
751 2494 790 2530 in
815 2496 900 2532 Ro-
956 2494 1071 2530 citum
1112 2494 1150 2531 in
1188 2506 1305 2530 arma.
1354 2489 1437 2529 Nisi
1479 2493 1565 2543 quis

287 2558 428 2585 mano.
461 2548 519 2584 Sic
545 2550 646 2584 Cato
671 2548 712 2584 in
743 2547 901 2597 origin.
958 2545 1098 2593 malit,
1127 2545 1241 2598 idque
1272 2543 1413 2582 merito
1434 2572 1446 2591 ‚
1475 2557 1566 2583 cuin

291 2598 533 2639 Annibalem
552 2599 722 2651 appellat
740 2597 904 2638 diaato-
958 2601 1163 2638 Gronovio
1195 2598 1322 2649 tegere
1356 2614 1364 2635 z
1398 2599 1448 2635 Et
1477 2594 1566 2634 Gel-

290 2665 366 2693 rem
399 2651 779 2707 Carthaginiensium
806 2681 820 2703 ,
864 2655 905 2694 ὅ(
960 2651 1054 2701 [ἐμω
1096 2653 1299 2707 Egnatium
1341 2649 1569 2690 Samnitium
