1680 3110
319 159 451 222 286
726 162 1225 237 T.L1v11
1537 143 1552 217 '-

111 253 303 302 E·c.444.
322 242 540 294 armabat
557 281 571 302 ‚
597 243 836 310 ingerere.
853 248 1014 316 Igitur
1036 263 1052 287 1
1081 255 1215 309 scuta
1234 260 1479 332 galeaeque
1501 263 1568 318 i&
1666 324 1670 328 ,

110 303 302 350 a.=<:.308.
321 329 478 379 quum
508 309 655 360 etiarn
689 331 817 379 quos
855 331 956 367 non
988 319 1364 379 vulneraverant
1387 369 1402 392 ,
1435 333 1606 385 turba-

318 391 428 428 rent
451 414 466 437 ,
507 391 670 445 neque
707 380 868 432 subire
904 399 1009 434 erat
1039 386 1183 440 facile
1219 393 1280 444 ad
1315 400 1600 465 propiorem

313 457 531 512 pugnam
548 480 563 503 ‚
587 459 748 511 neque
770 448 955 502 miffilia
977 451 1249 521 habebant,
1268 462 1448 529 quibus
1469 468 1597 518 emi-

313 526 409 559 nus
433 526 537 559 rem
564 525 807 577 gererent.
829 515 1005 568 stantes
1034 523 1086 571 &
1114 525 1359 594 expositos
1386 532 1446 582 ad
1469 532 1599 586 istus

312 593 472 643 quum
500 575 595 642 jam
626 579 736 631 satis
770 582 893 632 nihil
927 599 1150 653 tegeret,
1176 595 1412 660 quosdam
1445 599 1595 654 etiam

350 642 492 693 edem
531 643 832 710 referente5‚
858 649 1277 728 fluCtuantemque
1313 666 1364 714 δε
1400 663 1595 718 instabi-

336 725 414 760 em
445 709 598 762 aciem
615 750 630 772 ,
658 714 990 784 redintegrato
1023 722 1235 778 clamore
1251 767 1266 790 ,
1291 728 1464 783 striffis
1489 732 1596 802 gla-

313 775 413 826 diis
441 777 626 829 Hastati
654 784 705 832 &
733 783 985 854 Principes
1017 790 1273 847 invadunt.
1305 814 1420 850 eum
1446 798 1596 869 impe-

309 856 423 894 tum
444 862 544 895 non
566 849 789 900 tulerunt
810 853 1026 918 Etrusci,
1056 858 1298 928 versisque
1318 863 1488 933 figni3‚
1515 869 1594 921 fu-

310 909 377 978 ga
406 910 559 963 effusa
583 914 734 966 castra
760 933 1004 986 repetunt.
1041 924 1136 976 Sed
1167 929 1362 997 equites
1386 935 1591 988 Romani

309 979 538 1044 praeveffi
569 997 655 1047 per
687 983 889 1053 obliqua
923 991 1115 1058 campi,
1138 1012 1296 1064 quum
1322 1000 1369 1049 se
1396 998 1592 1068 fugien-

309 1043 446 1095 tibus
488 1046 807 1112 obtuliffent‚
846 1054 1016 1106 omiffo
1063 1059 1123 1109 ad
1172 1063 1321 1114 castra
1371 1065 1588 1132 itinere,

307 1127 504 1163 montes
527 1128 719 1182 petunt.
752 1118 874 1170 Inde
902 1122 1075 1175 inermi
1104 1129 1229 1195 pene
1262 1131 1452 1199 agmine
1476 1173 1492 1197 ,
1529 1154 1590 1188 ac

306 1193 489 1231 vexato
519 1181 839 1248 vulneribus,
863 1188 915 1239 in
943 1190 1121 1256 sylvam
1149 1196 1415 1251 Ciminiam
1442 1219 1589 1270 pene-

305 1259 505 1310 tratum.
537 1251 781 1304 Romanus
797 1292 813 1314 ,
836 1255 1007 1308 multis
1030 1260 1246 1314 millibus
1268 1269 1589 1324 Etruscorum

304 1312 431 1365 caefis
449 1353 467 1376 ,
490 1315 981 1389 duodequadraginta
1011 1326 1154 1394 fignis
1184 1330 1479 1386 militaribus
1507 1354 1588 1389 ca-

305 1382 404 1447 ptis
423 1420 440 1443 ,
463 1382 626 1435 castris
661 1387 808 1438 etiam
837 1388 1052 1444 hostium
1081 1411 1196 1447 cum
1226 1399 1383 1467 praeda
1408 1402 1587 1470 ingen-

302 1448 343 1498 ti
361 1450 583 1516 potitur.
621 1455 751 1505 Tum
782 1454 843 1506 de
876 1460 1214 1529 persequendo
1243 1465 1380 1518 hoste
1409 1472 1584 1538 agitari

302 1530 550 1582 coeptum.

128 1588 283 1628 caninia
369 1586 591 1635 XXXVI.
622 1587 768 1654 Sylva
790 1603 893 1641 erat
916 1592 1130 1646 Ciminia
1150 1599 1301 1666 magis
1324 1615 1430 1653 tum
1450 1601 1583 1657 invia

94 1643 220 1681 &m-
302 1662 453 1718 atque
486 1650 729 1705 horrenda
750 1694 764 1716 ,
786 1657 1122 1728 quam'nuper
1156 1663 1295 1719 fuere
1323 1679 1340 1704 ¹
1381 1672 1583 1724 Germa-

300 1717 404 1767 nici
429 1717 573 1771 saltus
594 1739 611 1780 3
635 1721 758 1773 nulli
781 1724 840 1775 ad
876 1742 981 1777 eam
1004 1727 1135 1780 diem
1165 1749 1226 1783 ne
1250 1751 1585 1792 mercatorum

300 1783 506 1852 quidem
527 1787 675 1839 adita.
705 1807 810 1841 earn
841 1793 1020 1845 intrare
1042 1795 1176 1849 haud
1197 1798 1301 1852 fere
1324 1803 1584 1873 quisquam

295 1866 472 1918 praeter
515 1852 696 1907 ducem
738 1858 895 1926 ipsum
939 1862 1164 1915 audebat.
1205 1867 1311 1919 aliis
1352 1872 1584 1925 omnibus

295 1917 451 1970 cladis
485 1921 723 1974 Caudinae
758 1926 979 1979 nondum
1013 1934 1248 1985 memoria
1282 1936 1583 1994 aboleverat.

296 1994 323 2020 2
355 1991 486 2038 Tum
514 2005 573 2039 ex
607 1989 668 2040 iis
699 1992 787 2059 qui
821 1993 1047 2058 aderant,
1085 1999 1338 2062 (consulis
1380 2004 1582 2059 fratrem

295 2055 368 2103 M.
395 2054 627 2118 Fabium,
650 2060 903 2111 Caesonem
930 2062 1044 2125 alii,
1067 2068 1130 2117 C.
1166 2068 1434 2122 Claudium
1467 2074 1582 2142 qui-

292 2117 409 2172 dam
436 2137 590 2196 matre
620 2124 790 2176 eadem
810 2165 827 2188 ,
863 2128 962 2197 qua
995 2131 1245 2186 consulem
1269 2175 1282 2199 ,
1316 2139 1542 2204 genitum
1559 2178 1579 2203 ,

354 2251 370 2278 1
417 2243 531 2282 Scuta
566 2242 757 2302 galeaeque
791 2245 906 2300 iHae]
962 2264 1104 2293 vocant
1133 2254 1202 2294 alii
1231 2284 1244 2305 ,
1284 2256 1359 2298 alii
1397 2258 1581 2313 Caesonem

289 2295 392 2334 mus
421 2295 596 2349 lapidum
613 2327 626 2347 ,
654 2301 794 2351 quibus
817 2315 906 2354 per·
963 2308 1151 2358 Fabium,
1171 2310 1328 2365 quidam
1345 2309 1574 2363 claudium,

290 2350 540 2391 cutiebantur
567 2353 672 2392 scuta
699 2356 740 2392 &
769 2357 904 2407 galeae.
960 2370 1080 2400 marre
1107 2363 1235 2402 eadem
1289 2365 1340 2403 uan
1362 2365 1542 2417 consulem
1561 2395 1579 2417 ,

352 2414 368 2440 1
398 2406 612 2446 Germanici
621 2405 776 2459 saltus]
802 2414 902 2450 Her·-
955 2416 1126 2465 genitum
1144 2443 1155 2461 ,
1179 2428 1241 2470 pro
1261 2417 1353 2472 effus
1375 2419 1478 2471 estse
1500 2422 1578 2459 itu-

289 2459 406 2507 cynia
425 2459 548 2509 sylva.
957 2481 1051 2508 rum.
1085 2467 1160 2509 Hic
1185 2471 1395 2524 abruptam
1428 2487 1573 2526 quam-

344 2523 364 2548 2
396 2515 488 2550 Tum
503 2514 616 2553 exiis
631 2515 697 2570 qui
714 2516 903 2569 aderant]
958 2519 1052 2559 dam
1070 2551 1083 2571 ,
1110 2524 1173 2563 sed
1194 2539 1275 2565 non
1296 2528 1572 2567 inconcinnam

288 2562 386 2602 Tum
400 2579 447 2604 ex
462 2567 512 2605 iis
526 2569 593 2623 qui
605 2571 765 2608 aderant
780 2585 902 2620 unus,
959 2574 1193 2621 brevitatem
1229 2580 1390 2625 stt-status
1421 2580 1474 2622 est
1504 2584 1572 2629 Lis

281 2618 445 2668 confidis
474 2620 637 2672 fratrem
672 2622 783 2664 fuisse
820 2636 901 2665 tra·
956 2630 1056 2671 vius.

286 2670 385 2712 dnm
408 2700 423 2724 ‚
457 2687 624 2730 eumque
655 2679 719 2718 M.
747 2679 907 2723 Fabium
