1669 3052
467 120 851 194 LrBER
931 131 1004 194 X.
1238 153 1366 215 345

95 216 270 270 nitium
290 213 498 278 ducem,
523 218 572 267 &
599 215 813 266 Umbros
834 215 894 266 ad
919 214 1251 267 defectionem
1273 235 1366 267 vo-
1395 233 1584 275 U.c.4<6.

96 284 196 335 cari
223 323 239 345 ,
278 285 329 333 &
363 283 531 334 Gallos
564 284 725 351 pretio
756 283 942 350 ingenti
971 281 1232 335 sollicitari.
1275 283 1369 333 His
1394 281 1581 324 2·<3·29⁵·

93 349 286 402 nunciis
316 351 506 401 senatus
538 351 837 401 conterritus
858 387 874 411 ,
906 349 1143 416 justitium
1180 347 1368 412 indici,

92 415 342 467 delectum
362 418 520 467 omnis
543 417 733 485 generis
756 415 1016 467 hominum
1036 415 1204 466 haberi
1223 415 1367 480 justit.

93 499 185 532 nec
209 484 407 549 ingenui
434 482 583 533 modo
608 498 692 533 aut
710 483 924 546 juniores
949 484 1246 534 sacramento
1275 482 1367 534 ad·-

93 549 188 600 acli
219 588 233 611 ,
271 549 351 599 sed
383 549 625 599 seniorum
659 548 806 598 etiam
834 549 1066 600 cohortes
1100 549 1268 612 fastae,
1306 549 1368 600 li-

92 614 371 681 bertinique
390 614 676 665 centuriati:
696 618 744 665 &
764 614 1079 665 defendendae
1096 616 1230 666 urbis
1248 633 1366 667 con-

89 679 189 732 filia
220 681 523 747 agitabantur
542 704 556 743 3
577 682 865 750 summaeque
897 698 1060 731 rerum
1094 697 1268 749 praetor
1305 687 1365 737 P.

96 747 411 814 Sempronius
435 763 650 817 praeerat.
684 746 922 797 Ceterum
953 762 1089 823 parte
1123 765 1249 799 curae
1282 765 1369 798 ex-

93 830 362 864 onerarunt
391 816 607 865 senatum
634 818 688 864 L.
713 813 964 865 Volumni1
994 814 1205 865 consulis
1228 815 1368 866 litte-

94 897 187 941 rae,
222 881 402 948 quibus
435 881 577 931 caesos
608 879 835 948 fusosque
869 880 1184 949 populatores
1213 884 1369 932 Cam-

93 946 244 1014 paniae
280 947 534 1014 cognitum
573 945 652 996 est.
691 951 865 1014 Itaque
900 951 950 998 δι
986 947 1370 1016 supplicationes

94 1013 161 1062 ob
195 1031 297 1063 rem
330 1014 454 1063 bene
490 1012 670 1079 gestam
706 1012 917 1063 consulis
956 1015 1151 1063 nomine
1188 1015 1370 1064 decer-

94 1094 234 1130 nunt.
267 1080 505 1146 justitium
543 1079 811 1130 remittitur
838 1117 852 1138 ‚
890 1079 1026 1146 quod
1064 1079 1225 1129 fuerat
1262 1079 1370 1130 dies

93 1146 265 1196 decem
302 1150 351 1197 δε
390 1146 504 1196 octo
535 1169 551 1208 3
590 1145 978 1214 supplicatioque
1017 1145 1207 1211 perlaeta
1247 1145 1368 1198 fuit.

92 1214 221 1262 Turn
248 1210 308 1262 de
335 1211 548 1280 praefidio
573 1211 786 1279 regionis
812 1211 1116 1279 depopulatae
1139 1213 1197 1262 ab
1226 1214 1369 1262 Sam-

94 1277 280 1328 nitibus
298 1279 466 1346 agitari
486 1293 728 1345 coeptum.
753 1282 928 1346 Itaque
950 1277 1133 1345 placuit
1149 1317 1162 1339 ,
1182 1293 1239 1329 ut
1259 1278 1367 1330 duae

93 1344 298 1395 coloniae
316 1346 445 1395 circa
466 1344 729 1395 Vescinum
751 1348 803 1395 δε
821 1344 1074 1395 Falernum
1094 1359 1264 1410 agrum
1282 1344 1366 1396 de-

91 1410 392 1461 ducerentur
417 1430 429 1462 :
459 1429 555 1462 una
580 1410 640 1460 ad
666 1410 839 1462 ostium
860 1410 981 1460 Liris
1003 1411 1140 1463 fluvii
1164 1450 1178 1470 ‚
1204 1421 1225 1444 2
1255 1428 1365 1479 quae

89 1477 351 1528 Minturnae
382 1477 615 1545 appellata
645 1500 660 1538 3
697 1477 843 1527 altera
878 1478 927 1526 in
963 1477 1080 1529 saltu
1114 1478 1362 1539 Vescino,

89 1543 340 1595 Falernum
371 1558 688 1611 contingente
722 1559 892 1610 agrurn
912 1582 926 1604 ‚
956 1543 1040 1594 ubi
1074 1544 1256 1612 Sinope
1290 1544 1365 1594 di·-

92 1610 224 1661 citur
261 1613 428 1661 Graeca
471 1611 586 1661 urbs
629 1608 767 1661 fuiffe
797 1650 812 1673 ‚
845 1609 1057 1660 Sinuessa
1089 1610 1264 1661 deinde
1299 1611 1364 1661 ab

93 1676 284 1727 colonis
309 1678 535 1728 Romanis
561 1677 812 1745 appellata.
848 1676 1078 1727 Tribunis
1104 1676 1258 1742 plebis
1281 1695 1367 1727 ne-

43 1790 45 1793 .
92 1744 288 1811 gotium
313 1743 480 1795 datum
513 1743 578 1793 est
595 1783 609 1804 ‚
631 1758 687 1795 ut
718 1743 1004 1812 plebeiscito
1027 1744 1278 1808 juberetur
1302 1745 1368 1796 P.

91 1809 409 1878 Sempronius
442 1825 617 1879 praetor
649 1810 932 1863 triumviros
965 1810 1015 1863 in
1047 1827 1101 1860 ea
1128 1809 1238 1861 loca
1272 1827 1370 1868 co-.

93 1930 222 1969 ducem
249 1936 303 1975 (φ’
331 1929 499 1970 vmbros
526 1929 577 1969 ad
603 1928 703 1981 defe-

92 1982 252 2022 Hionem
280 1997 413 2023 vocare
439 2011 451 2031 ‚
486 1991 537 2028 (φ
573 1981 705 2023 Gallos

756 1931 860 1969 mine
898 1942 986 1970 ante
1023 1932 1126 1970 hanc
1164 1931 1370 1972 coloniam

757 1984 963 2025 deduCkam
1043 1985 1302 2036 appellaretur
1351 2013 1370 2034 ‚

89 2036 236 2088 ingenti
257 2038 374 2090 pretio
392 2035 594 2089 sollicitare
615 2051 626 2073 .·
648 2039 703 2074 ita

92 2100 135 2127 ut
181 2089 424 2141 intelligatur
467 2090 611 2128 Gellius
663 2091 702 2128 &

93 2142 271 2182 Umbros
290 2145 329 2181 ὃ(
348 2143 482 2182 Gallos
496 2155 639 2184 vocare
654 2142 704 2182 ad

97 2208 225 2234 arma.

142 2261 166 2286 2
191 2248 296 2304 Quae
318 2249 527 2287 Minturnae
544 2248 705 2305 appella·

95 2311 137 2341 ta
150 2307 169 2351 ]
183 2306 271 2342 Iam
287 2305 583 2341 Minturnarum
597 2316 705 2342 men-

95 2357 246 2396 tionem
285 2354 376 2393 fecit
405 2357 533 2394 Livius
553 2385 564 2403 ‚
593 2355 706 2409 supra

68 2412 209 2448 Nm.
235 2419 300 2446 10.
330 2410 370 2446 &
398 2419 462 2444 ιι.
490 2411 528 2447 &
552 2412 617 2446 IX.
641 2421 704 2456 25.

95 2464 233 2512 Itaque
263 2474 344 2499 non
378 2474 482 2501 nova
511 2463 586 2499 hoc
616 2462 706 2501 loco

97 2514 190 2552 urbs
226 2514 406 2553 conditur
425 2543 436 2562 ,
466 2515 528 2553 sed
566 2514 708 2554 neceffe

98 2565 151 2604 est
184 2568 266 2615 jam
302 2568 390 2607 ante
428 2568 485 2606 ibi
523 2568 710 2620 oppidum

98 2615 213 2660 fuisse
226 2647 239 2670 ,
271 2621 376 2674 quod
391 2631 523 2663 tamen
536 2622 617 2663 alm
634 2635 708 2664 no-

758 2037 1092 2089 quemadmodum
1142 2051 1238 2077 mox
1282 2052 1371 2077 me-

757 2103 936 2130 moratur
959 2095 1095 2144 Sinope
1117 2093 1209 2130 urbs
1231 2098 1372 2131 Graeca

758 2142 934 2183 Sinueffae
974 2158 1121 2183 nomen
1155 2145 1178 2183 a
1217 2146 1373 2184 colonis

758 2195 953 2250 accepiffe.
984 2199 1062 2236 Ubi
1087 2211 1217 2237 autem
1240 2201 1371 2237 Livius

758 2252 969 2303 appellavit
987 2265 1098 2291 antea
1123 2256 1373 2300 Minturnas,

759 2305 1013 2357 intelligenda
1052 2305 1195 2345 scilicet
1229 2319 1273 2344 ea
1318 2304 1376 2344 est

759 2358 851 2396 urbs
891 2361 954 2398 cui
990 2358 1121 2411 postea
1159 2361 1377 2397 Minturnae:

760 2424 904 2449 nomen
932 2411 1020 2451 fuit.
1066 2415 1123 2450 Sic
1153 2414 1191 2450 δέ
1220 2413 1373 2450 Sinues-

760 2465 843 2502 sam
881 2468 1151 2516 nuncupavit,
1189 2465 1215 2502 l.
1257 2469 1397 2517 vm.-

763 2530 796 2556 c.
823 2528 884 2555 11.
906 2532 990 2557 eam
1011 2518 1149 2555 urbem
1175 2531 1258 2570 quae
1279 2530 1376 2559 tune

763 2575 950 2622 temporis
977 2573 1140 2622 Sinope,
1158 2571 1288 2622 postea
1312 2574 1376 2611 Si*

765 2621 896 2665 nueffa
922 2624 1116 2678 appellata
1139 2623 1211 2664 est,

1064 2677 1172 2731 Pr
