1680 3110
367 142 491 212 192'
751 131 829 192 T.
921 131 974 190 L
1022 151 1047 191 1
1093 149 1139 192 v
1186 152 1213 192 1
1259 154 1284 192 1

155 234 337 278 (κως.
361 213 649 266 sententiam
679 210 888 262 maxime
919 210 1090 262 consul
1118 214 1217 281 ipse
1245 212 1500 265 inclinavit
1530 212 1634 264 ani-

151 285 340 328 2,c.326.
361 299 468 334 mos
500 319 515 339 ‚
550 278 819 329 identidem
850 276 910 328 ad
948 287 966 320 ³
1004 278 1252 353 principes
1286 280 1633 331 sententiarum

359 345 637 398 consulares
654 384 670 407 ,
691 345 765 395 uti
795 343 1015 395 exaudiri
1048 344 1200 412 poffet
1223 345 1249 396 ὲ
1275 346 1498 416 pluribus
1515 384 1532 407 ,
1563 344 1634 396 di·

359 412 520 463 cendo
537 451 553 474 ‚
583 420 670 462 Eos
699 415 876 462 demum
904 413 987 478 qui
1016 411 1139 461 nihil
1158 427 1463 480 praeterquam
1493 416 1546 462 de
1567 411 1634 461 li·

358 481 533 528 bertate
570 482 768 545 cogitent
792 514 808 535 ,
848 480 1008 544 dignos
1045 478 1122 544 effe
1159 481 1244 545 qui
1277 482 1467 528 Romani
1488 480 1633 545 fiant.

360 549 537 612 Itaque
571 546 623 596 δε
662 545 711 594 in
744 545 910 595 senatu
941 545 1132 594 causam
1166 543 1425 595 obtinuere
1450 583 1465 606 ‚
1491 548 1542 595 δε
1571 559 1634 595 ex

359 611 651 662 auctoritate
678 612 878 662 Parrum
907 609 1059 660 latum
1087 610 1146 661 ad
1176 611 1414 679 populum
1448 610 1515 661 est
1531 649 1546 672 ‚
1575 624 1634 661 ut

196 685 344 742 priver·
359 678 727 730 Privernatibus
749 677 921 729 civitas
939 676 1153 728 daretur.
1181 678 1363 729 Eodem
1386 694 1512 728 anno
1534 680 1636 727 An-

148 736 341 819 ffijff'ffi
362 761 455 796 xur
487 745 696 796 trecenti
732 746 779 795 in
813 743 1057 794 coloniam
1088 743 1207 795 miffi
1234 745 1342 797 sunt
1371 764 1382 796 ε
1415 744 1528 796 bina
1556 743 1637 812 ju-
1665 747 1674 751 ’

150 841 219 871 m.
362 827 477 880 gera
503 812 603 878 agri
627 825 941 879 acceperunt.

150 904 340 945 u.c.427.
429 883 582 929 ΧΧΠ.
607 883 815 930 Secutus
838 877 903 928 est
926 893 1077 927 annus
1102 875 1232 928 null&
1255 894 1306 928 re
1332 877 1451 929 belli
1475 876 1636 927 domi-

147 952 341 992 ωαψς·
363 963 425 997 ve
457 945 680 1013 infigni5‚
702 947 757 996 P.
790 943 984 994 Plautio
1011 943 1261 1006 Procu10,
1293 950 1350 996 P.
1390 943 1634 995 Cornelio

149 1000 210 1080 ἐξ
229 994 341 1088 ξηὶζυ
366 1013 573 1081 Scapula
606 1011 886 1063 consulibus
904 1033 918 1073 3
938 1025 1257 1079 praeterquam
1286 1009 1424 1079 quod
1449 1009 1638 1078 Fregel-

149 1089 341 1140 corpelio
362 1079 433 1130 las
462 1084 484 1145 (
511 1079 838 1131 Sidicinorum
872 1078 912 1128 is
942 1093 1054 1149 ager
1080 1117 1096 1140 ,
1128 1077 1303 1128 deinde
1338 1077 1634 1129 Volscorum

147 1135 254 1179 coss.
358 1146 562 1211 fuerat)
594 1146 789 1197 colonia
824 1144 1058 1195 deducta:
1085 1149 1133 1196 δε
1162 1144 1349 1212 populo
1384 1155 1399 1179 ¹
1433 1144 1638 1195 viscera-

361 1213 433 1264 tio
466 1213 576 1265 data
610 1214 637 1264 ἐι
675 1219 746 1264 Μ.
781 1212 946 1265 Flavio
980 1212 1029 1261 in
1065 1210 1236 1262 fune-re
1272 1211 1454 1262 matris,
1490 1214 1660 1277 Erant,

361 1279 449 1348 qui
479 1297 566 1349 per
587 1280 795 1349 speciem
823 1277 1115 1330 honorandae
1143 1278 1387 1346 parentis,
1413 1278 1636 1328 meritam

361 1347 641 1398 mercedem
718 1345 867 1414 opulo
915 1345 1120 1395 solutam
1166 1346 1634 1412 interpretarentur,

365 1413 507 1481 quod
527 1432 639 1464 eum
699 1414 741 1463 ie
767 1412 894 1464 dieta
921 1413 978 1461 ab
993 1411 1209 1462 aedilibus
1234 1412 1435 1462 crimine
1459 1410 1634 1480 stupra-

361 1495 422 1532 tae
446 1480 806 1531 matrisfamiliae
831 1477 1115 1530 absolviffet.
1153 1481 1278 1528 Data
1301 1478 1559 1530 visceratio
1583 1477 1636 1528 in

364 1548 658 1614 praeteritam
691 1546 859 1612 judicii
890 1545 1096 1613 gratiam
1125 1581 1139 1604 ,
1172 1543 1376 1595 honoris
1411 1545 1555 1595 etiam
1590 1545 1638 1595 ei

364 1616 507 1666 causa
539 1613 637 1666 fuit
670 1632 682 1664 ι
718 1612 1119 1680 tribunatumque
1149 1611 1310 1682 plebei
1340 1649 1356 1672 ‚
1398 1611 1638 1680 proximis

361 1681 578 1732 comitiis
616 1722 627 1741 ,
669 1680 836 1732 absens
874 1679 1154 1748 petentibus
1224 1677 1454 1729 raefertur.
1491 1677 1636 1729 Palae-

399 1749 491 1799 olis
517 1748 613 1800 fuit
644 1747 776 1798 haud
804 1746 978 1814 procul
1008 1745 1121 1796 inde
1153 1697 1241 1796 ubi
1272 1761 1403 1796 nunc
1437 1749 1635 1813 Neapo-

359 1766 421 1867 iis
444 1815 526 1866 fita
549 1815 631 1866 est.
653 1814 842 1865 duabus
864 1813 1069 1865 urbibus
1095 1811 1307 1886 populus
1338 1811 1467 1864 idem
1496 1812 1635 1861 habi-

362 1882 514 1934 tabat.
543 1882 718 1933 Cumis
747 1895 884 1931 erant
912 1879 1123 1931 oriundi.
1163 1878 1376 1930 Cumani
1399 1878 1457 1928 ab
1480 1878 1635 1929 Chal-

361 1949 474 2000 cide
508 1949 727 2000 Euboica
757 1947 996 2015 originem
1031 1945 1249 1998 trahunt.
1301 1942 1458 1996 Classe
1485 1984 1498 2005 ‚
1533 1946 1634 2013 qud.

363 2015 557 2070 adveffl
586 2016 646 2068 ab
676 2014 826 2066 domo
852 2013 1079 2077 fuerant,
1107 2011 1318 2065 multum
1349 2013 1399 2064 in
1425 2029 1511 2063 ora
1534 2030 1635 2063 ma-

1024 2147 1247 2187 strahebant
1271 2176 1284 2196 ‚
1320 2147 1366 2187 de
1397 2147 1633 2187 Privernati-

1024 2202 1095 2241 bus
1116 2202 1304 2240 dixerant.

1077 2267 1092 2292 1
1117 2255 1358 2306 Visceratio]
1383 2254 1521 2294 Crudae
1542 2266 1631 2293 car-

420 2164 437 2198 3
489 2150 675 2204 Principes
703 2147 970 2200 sententiarum

360 2202 599 2258 §ansulareq
625 2205 802 2254 Princeps
822 2203 970 2242 senten-

360 2261 428 2297 tiae
446 2258 609 2309 alicujus
624 2255 677 2296 est
692 2259 721 2294 is
739 2260 804 2308 qui
822 2259 970 2308 primus

360 2312 404 2351 in
444 2312 577 2350 senatu
617 2324 703 2349 eam
741 2311 968 2349 sententiam

363 2365 462 2404 dixit
480 2380 488 2403 :
505 2365 724 2404 consulares
741 2375 869 2402 autem
887 2365 968 2416 pri-

364 2421 423 2458 mi
453 2419 694 2471 rogabantur
725 2418 967 2456 senteutiam.

362 2477 501 2524 Itaque
515 2473 695 2527 principes
702 2469 972 2523 sententiarum

363 2525 571 2576 consulares
615 2525 703 2564 sunt
752 2525 971 2564 consulares

363 2581 440 2618 viri
458 2607 469 2626 ,
489 2582 555 2632 qui
571 2581 689 2631 primi
703 2577 870 2618 diversas
886 2579 973 2618 illas

366 2633 570 2674 sententias
584 2661 597 2683 ‚
621 2645 706 2687 quae
722 2632 900 2673 senatum
914 2633 973 2674 di-

1024 2311 1084 2348 nis
1101 2308 1336 2348 distributio.
1357 2308 1510 2360 Viscera
1527 2310 1635 2346 enim

1025 2377 1095 2401 non
1134 2361 1282 2401 tamam
1323 2361 1494 2413 intestina
1535 2360 1634 2399 disi-

1024 2430 1107 2454 mus
1129 2445 1142 2465 ,
1173 2417 1300 2467 inquit
1338 2417 1486 2454 Servius
1519 2413 1632 2458 ad,1.

1025 2473 1110 2508 AEn.
1125 2483 1165 2509 v.
1185 2479 1275 2515 215.
1288 2467 1353 2519 sed
1368 2467 1555 2523 qmdquid
1565 2465 1637 2519 sub

1025 2526 1117 2561 corio
1139 2522 1199 2575 est.
1222 2522 1335 2560 Unde
1360 2522 1463 2560 idem
1486 2523 1632 2560 Servius

1023 2576 1075 2615 ad
1097 2579 1167 2615 111.
1197 2579 1282 2615 AEn.
1306 2589 1344 2616 v.
1365 2583 1457 2612 622.
1479 2576 1533 2613 ait
1552 2574 1633 2613 vis-

1025 2644 1112 2672 cera
1132 2627 1290 2684 proprie
1313 2641 1445 2672 carnes
1467 2624 1555 2668 effe.
1597 2678 1606 2686 .

1568 2694 1634 2732 ns
