1669 3052
407 176 788 242 LIBER
874 164 994 229 VI.
1253 162 1334 238 69

0 330 2 332 v
65 277 166 316 tant
189 265 369 312 honores
385 295 401 316 ,
420 273 627 326 quaerunt
647 278 662 305 .·
687 254 744 307 (Τ
770 255 838 302 ita
861 250 1059 298 maxima
1070 244 1180 309 sunt
1199 244 1332 308 adep·
1352 261 1440 296 uc,
1455 254 1541 299 38⁷·

67 331 197 389 turi,
223 337 240 362 ¹
273 342 325 376 ut
351 325 471 376 nihil
500 343 552 373 ne
572 338 654 390 pro
676 319 883 369 minimis
908 315 1090 382 quidem
1113 311 1299 359 debeant
1313 326 1334 368 ,·
1354 308 1436 345 ³-C·
1455 308 1550 348 3650‘

71 397 133 453 (δ’
151 393 444 461 occasionibus
463 392 616 459 potius
632 423 647 444 ,
672 388 808 452 quam
837 384 1014 431 virtute
1041 388 1062 411 2
1084 392 1232 444 petere
1254 377 1337 422 ho·—

73 480 201 514 nores
224 459 406 510 malint.
439 458 513 521 Est
536 454 711 519 aliquis
734 451 879 517 quise
902 447 1098 512 inspici,
1126 441 1340 506 aestimari

62 529 278 598 fastidiat
300 526 322 575 ἓ
344 527 426 591 qui
453 537 594 571 certos
613 519 706 584 fibi
730 519 811 565 uni
843 518 1022 562 honores
1049 513 1169 559 inter
1195 508 1339 556 dimi-

78 611 229 646 cantes
267 592 576 658 competitores
615 601 789 649 aequum
826 582 997 641 censeat
1033 577 1109 643 effi>
1132 576 1159 623 ,Ρ
1190 575 1273 640 qui
1291 573 1346 637 se

80 661 272 713 arbitrio
306 659 448 720 vestro
479 652 683 703 eximat?
704 650 787 714 qui
813 647 960 708 vestra
992 642 1227 707 necessaria
1241 640 1347 703 suf-

67 728 234 795 fragia
259 740 339 791 pro
368 719 648 771 voluntariis
668 751 685 770 ,
722 714 779 767 &
798 714 939 775 serva
962 724 1043 775 pro
1076 709 1238 756 liberis
1260 707 1348 769 fa·-

85 798 180 846 ciat
209 793 234 841 .?
273 791 444 839 Omitto
479 785 708 834 Licinium
746 780 1062 841 Sextiumque,
1102 782 1118 815 3
1159 789 1351 839 quorum

87 879 225 913 annos
247 860 295 906 in
311 869 527 924 perpetua
542 849 754 917 potestate
775 881 790 901 ,
825 860 1042 908 tanquam
1078 857 1234 906 regum
1254 873 1269 894 ,
1303 839 1353 885 in

90 924 316 994 Capitolio
349 919 598 970 numeratis
628 937 642 963 .·
675 914 781 978 quis
815 911 872 972 est
908 910 1035 956 hodie
1070 908 1119 954 in
1154 906 1352 953 civitate

92 1012 185 1045 tam
214 988 428 1043 humilis,
452 986 527 1034 cui
551 1000 634 1031 non
653 981 736 1026 via
759 980 815 1026 ad
838 973 1112 1038 consulatum
1124 969 1321 1036 facilior
1332 1004 1349 1025 ‚

86 1077 173 1130 per
199 1059 326 1122 istius
357 1054 474 1120 legis
502 1048 759 1115 occastonem
778 1079 792 1099 ‚
827 1045 962 1108 quam
994 1041 1120 1087 nobis
1152 1057 1204 1086 ac
1234 1036 1358 1084 libe-

96 1131 163 1177 ris
185 1124 340 1186 nostris
357 1156 370 1176 ,
392 1120 483 1186 fiat
499 1118 522 1164 ?
528 1116 573 1182 st
597 1114 777 1180 quidem
809 1128 884 1156 nos
906 1144 921 1166 ‚
954 1124 1004 1154 ne
1035 1123 1172 1172 q..·-um
1197 1101 1358 1151 volue-

97 1194 204 1242 ritis
235 1190 417 1256 quidem
445 1221 460 1241 ,
497 1198 647 1231 creare
683 1178 907 1226 interdum
941 1173 1158 1240 poteritis
1179 1188 1198 1229 ,·
1222 1169 1324 1233 istos
1342 1201 1359 1222 ‚

97 1261 234 1310 etiam
254 1256 290 1320 fi
308 1251 546 1302 nolueritis
564 1284 579 1304 ,
609 1243 766 1309 neceffe
775 1242 858 1308 fit.
891 1247 964 1288 De
985 1238 1262 1302 indignitate
1274 1235 1362 1298 sa-

96 1328 161 1376 tis
185 1325 355 1373 dicium
383 1320 459 1383 est.
488 1316 650 1365 etenim
682 1311 886 1375 dignitas
914 1309 972 1354 ad
997 1306 1196 1352 homines
1215 1302 1364 1368 perti-

99 1407 192 1443 net.
221 1389 349 1454 Quid
385 1389 437 1434 de
469 1380 770 1448 religionibus
806 1391 941 1440 atque
972 1371 1190 1437 auspiciis
1217 1404 1232 1424 ,
1263 1384 1368 1433 quae

93 1458 282 1527 propria
305 1457 482 1503 deorum
505 1442 833 1498 immortalium
857 1438 1119 1504 contemptio
1139 1451 1275 1500 atque
1293 1436 1365 1481 in-

91 1527 221 1587 juria
253 1523 312 1585 est
331 1556 346 1577 ,
377 1519 542 1584 loquar
567 1513 585 1562 ἓ
608 1510 840 1575 Auspiciis
869 1510 980 1555 hanc
1016 1505 1169 1552 urbem
1205 1501 1368 1548 condi-

105 1608 201 1641 tam
231 1589 335 1656 effe,
357 1584 573 1652 auspiciis
600 1574 717 1628 bello
748 1594 800 1624 ac
824 1588 969 1640 pace,
1002 1571 1122 1618 domi
1153 1566 1368 1615 militiae-

107 1675 195 1725 que
216 1657 364 1705 omnia
384 1652 520 1720 geri,
546 1648 650 1715 quis
673 1644 731 1707 est
751 1643 834 1708 qui
854 1643 1029 1707 ignoret
1047 1637 1071 1686 ,ἓ
1094 1643 1231 1685 Penes
1257 1649 1369 1700 quos

171 1776 187 1802 1
215 1767 277 1802 Ut
294 1760 388 1801 nihil
405 1773 448 1798 ne
466 1768 527 1814 pro
546 1753 713 1795 minimis
822 1763 837 1796 3
880 1746 1055 1803 Qtorum
1094 1758 1211 1782 annos
1232 1771 1242 1781 .
1260 1771 1269 1781 .
1289 1770 1300 1781 .
1334 1741 1375 1779 in

113 1816 263 1874 quidem
281 1814 465 1861 debeant]
493 1813 615 1859 Hujus
638 1808 714 1845 loci

113 1871 266 1912 videtur
298 1869 380 1907 haec
412 1863 484 1904 effe
516 1864 714 1902 sententia.

105 1928 184 1964 'Ita
215 1923 383 1961 maxima
415 1931 594 1974 quaeque,
620 1926 715 1953 con-

117 1978 287 2018 sulatum
313 1987 449 2025 nempe
467 2001 478 2019 ,
495 1972 584 2023 sunt
608 1967 720 2021 adep-

117 2032 197 2071 turi
232 2028 403 2082 plebeii,
432 2035 472 2063 ut
511 2019 607 2062 nihil
648 2033 720 2072 pro

120 2087 168 2124 iis
190 2112 202 2132 ,
233 2082 390 2120 debeant
413 2110 424 2128 ‚
458 2091 502 2115 ne
538 2086 720 2129 tanquam

119 2137 291 2177 minimis
311 2131 460 2189 quidem
480 2147 487 2169 :
509 2132 534 2168 i.
553 2143 586 2167 e.
608 2140 649 2166 ut
674 2139 722 2164 ne

121 2202 277 2229 tautum
314 2184 472 2239 quidem
503 2183 617 2223 vobis
651 2193 723 2232 pto

121 2247 168 2283 iis
202 2242 366 2281 debeant
389 2267 402 2287 ,
435 2248 623 2289 quantum
653 2246 725 2286 pro

125 2298 300 2337 minimis
327 2293 457 2331 deberi
487 2302 641 2342 aequum
669 2287 725 2325 es-

770 1804 951 1856 Capitolto
973 1800 1203 1845 numeratis]
1223 1795 1373 1834 Viden-

769 1869 832 1895 tur
851 1856 932 1892 haec
955 1850 1205 1903 intelligenda
1226 1848 1271 1887 de
1291 1847 1375 1887 cla-

770 1912 827 1949 vis
861 1908 1013 1946 numeri
1042 1916 1238 1942 annorum
1272 1900 1376 1939 indi-

774 1963 880 2001 cibus
896 1989 908 2007 ,
929 1960 974 1998 de
996 1958 1135 2009 quibus
1163 1959 1243 1994 Liv.
1271 1953 1377 1993 infr&

775 2020 866 2056 VII.
899 2028 932 2061 3.
968 2012 1028 2050 Ibi
1058 2011 1124 2049 ille
1153 2009 1265 2048 docet
1297 2007 1380 2046 cla-

776 2082 870 2108 vum
895 2067 1104 2120 quotannis
1128 2062 1195 2115 figi
1222 2062 1381 2100 solitum

778 2123 913 2161 dextro
967 2119 1078 2156 lateri
1130 2117 1220 2155 aedis
1275 2117 1383 2155 Jovis

779 2181 872 2227 Opt.
908 2177 1016 2211 Max.
1055 2173 1148 2209 Eum
1177 2199 1186 2218 ,
1224 2172 1380 2220 inquit,

780 2228 927 2267 clavum
951 2257 963 2274 ‚
997 2225 1088 2279 quia
1121 2236 1213 2262 rarae
1239 2232 1303 2276 per
1337 2234 1382 2257 ea

780 2292 941 2336 tempora
957 2278 1092 2317 litterae
1107 2285 1211 2313 erant
1224 2302 1234 2318 ‚
1254 2284 1384 2311 notam

127 2353 195 2390 set.
224 2351 319 2388 Non
337 2343 524 2385 abfimilis
542 2345 647 2381 locus
669 2354 727 2379 re·
783 2348 923 2372 numen
937 2343 1116 2369 annorum
1129 2327 1383 2379 staeiffeferunt.

132 2405 277 2457 petitur
290 2399 403 2453 supr&
420 2403 489 2436 IV.
509 2409 570 2445 54.
603 2398 733 2432 Patres
787 2388 918 2426 Sensus
930 2387 1047 2436 igitur
1063 2384 1176 2433 hujus
1195 2381 1271 2420 loci
1289 2382 1360 2419 erit
1373 2393 1385 2417 ε

670 2443 736 2498 sed
790 2452 959 2493 quorum
988 2449 1109 2475 annos
1141 2438 1180 2473 in
1211 2444 1394 2486 perpetua

791 2492 974 2546 potestate
993 2519 1004 2537 ‚
1026 2501 1211 2540 tanquam
1233 2488 1394 2538 regum,

793 2561 858 2600 per
882 2557 1024 2584 novem
1044 2544 1248 2582 continuos
1265 2539 1403 2577 clavos

195 2627 215 2652 2
247 2617 368 2652 Petere
395 2610 546 2650 honores
572 2604 739 2655 malint]
796 2598 1022 2650 Capitolino
1060 2597 1198 2648 parieti
1231 2590 1370 2633 affixos
1384 2621 1399 2640 ‚

135 2666 281 2710 Meli-css
298 2694 311 2716 ,
338 2665 497 2706 malunt.
798 2653 1021 2694 numeratis.

134 2471 206 2496 non
237 2466 307 2510 pro
338 2449 616 2491 communicatis
635 2477 646 2496 ‚

128 2521 197 2566 pro
222 2506 357 2558 amiffis
384 2502 580 2544 honoribus
605 2500 738 2555 freme-

134 2577 188 2603 re.
