1669 3052
422 144 473 209 L
521 170 546 208 1
595 164 629 205 Β
677 162 719 205 E
763 165 804 208 Η·
883 142 1049 209 VII.
1259 167 1384 225 107

98 232 284 304 potiics,
309 233 448 299 qudm
480 232 633 281 ambos
659 229 885 296 patricios
923 227 1123 294 consules
1154 230 1378 285 videam,
1399 230 1592 292 ἶν’-6490·

58 324 60 328 ’
101 319 182 350 nec
216 301 417 348 invicem
445 312 666 365 pareatur
697 312 833 361 atque
864 297 1114 363 imperetur
1132 298 1242 362 ,sed
1267 311 1378 364 pars
1398 278 1594 320 a'C'³³²’

103 366 253 417 altera
287 368 336 414 in
368 380 526 414 aeterno
557 364 747 430 imperio
780 360 929 411 locata
954 361 1134 430 plebem
1157 365 1380 430 nusquam

103 432 205 484 ali&
229 449 383 481 natam
410 435 547 496 qudm
572 432 630 480 ad
649 430 945 492 serviendum
964 444 1115 496 putet.
1151 435 1267 480 Non
1294 428 1381 480 de-

103 501 214 556 sunt
251 499 436 548 tribuni
474 494 695 546 auc‘tores
734 493 986 545 turbarum
1023 513 1036 546 τ
1071 495 1152 546 sed
1189 504 1206 538 3
1249 495 1381 548 inter

108 565 385 616 concitatos
418 578 502 628 per
539 563 584 611 se
617 577 786 610 omnes
806 598 820 619 ,
843 560 925 610 vix
961 562 1114 612 duces
1146 563 1382 614 eminent.

105 633 389 701 Aliquoties
413 627 584 680 frustra
603 627 653 676 in
675 643 901 693 campum
922 626 1203 680 descensum
1224 647 1387 698 quum

108 697 224 749 effet
251 736 266 758 ,
300 695 543 763 multique
573 711 660 762 per
690 692 952 743 seditiones
981 695 1073 745 affl
1107 696 1382 747 comitiales

105 765 209 816 dies
242 787 256 826 3
288 761 533 834 postremo
566 759 703 811 viciae
731 760 1087 828 perseverantia
1123 763 1384 814 consulum

104 831 260 901 plebis
292 830 353 881 eo
383 829 525 880 dolor
551 827 713 894 erupit
729 864 743 886 ,
766 840 823 876 ut
853 827 1079 878 tribunos
1102 829 1262 880 aCtum
1286 827 1387 880 effe

106 898 168 950 de
211 897 437 948 libertate
483 892 811 947 vociferantes
839 931 856 954 ‚
900 893 1387 963 relinquendumque

105 982 205 1016 non
229 980 453 1032 campum
473 962 568 1028 jam
593 958 746 1010 solum
763 998 777 1020 ,
801 957 880 1009 secl
902 960 1049 1010 etiam
1071 963 1244 1013 urbem
1269 979 1387 1032 cap-

104 1047 205 1082 tam
229 1045 375 1099 atque
398 1026 666 1098 oppressam
688 1041 841 1092 regno
866 1028 1186 1094 patriciorum
1209 1066 1225 1090 ,
1251 1045 1388 1080 moe-

103 1099 169 1150 sta
201 1098 337 1165 plebs
373 1097 672 1163 sequeretur.
716 1093 958 1144 Consules
992 1095 1148 1146 relisti
1186 1096 1213 1146 a
1249 1111 1388 1163 parte

102 1164 311 1235 populi,
342 1180 427 1232 per
466 1161 848 1229 infrequentiam
884 1161 1085 1212 comitia
1120 1161 1279 1213 nihilo
1311 1165 1385 1214 se-

103 1230 246 1300 gnius
283 1229 560 1299 perficiunt.
598 1226 749 1278 creati
788 1227 1010 1278 consules
1045 1229 1191 1280 ambo
1231 1231 1380 1299 patri·
1397 1245 1592 1287 u.c.401‚

103 1299 201 1361 cii,
236 1305 305 1350 M.
339 1296 509 1348 Fabius
543 1293 807 1345 Ambustus
838 1293 1037 1345 tertium
1066 1336 1078 1356 ‚
1111 1298 1169 1349 T.
1209 1297 1379 1362 Quin-
1394 1294 1592 1335 ²035*

132 1365 140 1374 .
422 1364 431 1372 ·
811 1360 819 1370 ι
1256 1365 1266 1374 .
1332 1365 1342 1374 -
1446 1341 1502 1377 M.
1522 1342 1595 1376 Fau·

105 1380 222 1416 tius.
256 1370 315 1415 In
347 1361 639 1431 quibusdam
667 1359 918 1412 annahbus
948 1380 1037 1431 pro
1065 1364 1124 1415 T.
1160 1366 1464 1430 Qumtiobffo
1497 1389 1571 1425 111,

103 1436 177 1484 Μ.
205 1431 472 1501 Popillium
493 1426 743 1480 consulem
768 1427 983 1480 invenio,
1396 1437 1594 1522 ἷοὲἓὲο

169 1502 295 1548 XIX.
317 1502 434 1549 Duo
455 1495 584 1547 bella
607 1513 674 1546 eo
690 1510 816 1544 anno
837 1498 1063 1566 prospere
1081 1496 1209 1564 gesta
1228 1516 1240 1549 ε
1261 1515 1379 1549 cum

104 1565 492 1632 Tiburtibusque
525 1562 586 1614 ad
613 1561 916 1612 deditionem
947 1578 1237 1632 pugnatum.
1276 1567 1384 1617 Sas-

104 1631 204 1682 sula
227 1650 286 1683 ex
314 1631 392 1682 his
416 1630 533 1681 urbs
563 1643 716 1696 capta.
749 1643 1012 1696 ceteraque
1045 1631 1224 1700 oppida
1249 1648 1378 1683 eam-

106 1697 217 1748 dem
258 1699 507 1750 fortunam
549 1693 823 1746 habuiffent
854 1733 870 1754 ‚
910 1696 960 1746 ni
1000 1699 1219 1748 universa
1260 1715 1382 1766 gens

104 1763 270 1834 positis
291 1764 434 1815 armis
459 1763 510 1812 in
534 1762 679 1813 fidem
702 1761 913 1813 consulis
933 1764 1153 1816 venisset.
1185 1767 1382 1817 Trium·
1443 1786 1595 1823 Trium,

102 1831 309 1900 phatum
338 1831 400 1882 ele
430 1829 720 1881 Tiburtibus
759 1852 769 1878 ι
802 1828 1024 1898 alioquin
1057 1831 1189 1881 mitis
1220 1832 1380 1884 visto·
1395 1836 1481 1891 pla-us
1519 1837 1564 1891 4⁴²

104 1898 174 1949 ria
198 1898 310 1949 fuit.
333 1902 394 1948 In
413 1895 787 1965 Tarquinienses
806 1896 983 1948 acerbe*
1000 1898 1228 1950 saevitum.
1252 1900 1380 1952 Mul·
1396 1883 1583 1976 ΞᾞῘἾᾞᾸ,

106 1966 170 2016 tis
199 1964 487 2021 mortalibus
518 1965 568 2014 in
600 1962 706 2014 acie
739 1962 863 2013 caefis
881 2004 894 2024 ‚
919 1980 979 2014 ex
1008 1965 1196 2032 ingenti
1226 1967 1381 2035 capti·-
1395 1962 1504 2034 gticia
1527 1979 1585 2034 aa»

102 2049 280 2083 vorum
312 2048 518 2084 numero
541 2030 755 2082 trecenti
776 2030 1132 2100 quinquaginta
1155 2028 1271 2085 οᾶο
1298 2034 1382 2086 de·
1403 2027 1556 2120 “5³72‘’

102 2097 218 2149 leffi
249 2097 571 2149 nobiliffimus
608 2096 813 2165 quisque
850 2134 864 2157 ,
901 2098 988 2166 qui
1026 2102 1238 2151 Romam·
1269 2102 1382 2153 mit·
1400 2087 1478 2112 ”m
1526 2085 1588 2113 ’ὦ

105 2171 329 2217 terentur
347 2185 358 2216 :
378 2164 558 2231 vulgus
581 2164 716 2215 aliud
739 2164 1055 2217 trucidatum.
1090 2171 1201 2219 Nec
1229 2187 1387 2236 popu-

107 2231 184 2282 Ius
216 2232 265 2292 in
291 2249 377 2282 eos
400 2231 487 2300 qui
516 2231 634 2281 miffi
660 2233 864 2281 Romam
886 2247 1053 2294 erant,
1079 2234 1244 2285 mitior
1266 2234 1388 2287 fuit,

110 2297 273 2350 medio
304 2299 357 2350 in
379 2297 492 2348 foro
518 2314 688 2348 omnes
711 2297 863 2365 virgis
888 2298 988 2349 caefi
1014 2317 1070 2350 ac
1092 2302 1247 2351 securi
1271 2320 1385 2368 per-

113 2365 243 2416 cuffi.
276 2365 327 2417 id
351 2382 441 2433 pro
469 2364 733 2415 immolatis
756 2365 811 2415 in
831 2363 944 2417 foro
965 2368 1394 2436 Tarquiniensium

170 2497 186 2532 3
236 2487 342 2523 Inter
377 2485 613 2536 concitatos]
661 2489 721 2523 Ita
777 2483 939 2524 ducibus
954 2499 1178 2539 appareret,
1195 2502 1239 2527 ac
1252 2491 1397 2542 pruina-

111 2550 222 2577 er-ant
246 2551 380 2577 omnes
403 2552 470 2591 per
494 2540 529 2577 se
552 2541 724 2577 concita·
779 2538 825 2577 de
861 2539 1014 2578 nullum
1055 2541 1145 2582 fere*
1180 2543 1398 2584 discrimen:

56 2603 67 2606 ·
111 2595 171 2639 ti,
193 2604 233 2629 ut
261 2605 341 2630 non
368 2595 498 2631 minor
526 2595 567 2630 in
593 2594 727 2630 ceteris
781 2594 1063 2644 conspiceretur
1088 2598 1188 2635 inter
1211 2597 1325 2637 duces
1346 2601 1398 2640 δί

113 2643 232 2685 ardor
258 2648 487 2687 animorum
502 2675 515 2697 ‚
541 2644 669 2700 quam-
686 2648 732 2687 in
781 2645 977 2700 reliquam
1003 2649 1321 2693 multitudinem-0-

1055 2703 1179 2770 fxvj,
