1680 3110
35 283 37 285 .
66 250 254 293 U.<:.410.

67 299 256 347 a·C‚1342.

74 724 161 766 Jimo
178 725 224 758 M
228 735 263 758 o.

75 781 169 812 mea,

78 1251 269 1292 U.c.411,

82 1299 168 1336 a.C.
187 1309 272 1341 341·

106 1377 152 1412 C.
172 1376 275 1410 Mar-

81 1423 149 1458 ιίο
180 1424 250 1458 111.

85 1472 137 1506 T.
158 1471 275 1506 Man-

85 1514 145 1553 lio
179 1519 226 1553 11.

87 1559 193 1605 §soff-

278 163 400 209 122
690 135 770 198 T.
853 131 902 193 L
954 151 979 191 1
1025 149 1069 193 v
1117 149 1143 191 ι·
1187 148 1211 190 1

277 224 523 281 tumultus
562 219 668 271 fieri
710 215 908 268 solitum
941 212 1082 276 erat)
1119 209 1300 278 justitio
1337 207 1552 270 indicio,

278 294 497 347 delecius
530 298 546 323 1
576 287 671 336 fine
700 280 1043 336 vacationibus
1071 277 1269 328 habitus
1298 275 1413 327 effer
1440 306 1451 339 -,
1477 274 1554 326 le-

278 363 452 430 giones
471 395 486 418 ,
515 351 753 422 quantflm
787 346 1019 399 maturari
1050 343 1214 413 potuit
1233 382 1247 404 ,
1277 344 1324 393 in
1355 349 1557 392 Aurun-

280 445 368 479 cos
392 423 561 475 dustae.
579 419 649 470 ibi
667 416 950 489 praedonum
965 412 1118 479 magis
1131 450 1147 472 ‚
1175 409 1323 476 quam
1339 408 1555 458 hostium

281 492 429 545 animi
462 485 665 540 inventi.
703 482 867 534 Prima
898 481 1065 549 itaque
1101 477 1205 528 acie
1237 475 1554 525 debellatum.

280 560 510 612 DiCtator
537 568 698 604 tamen
718 590 732 612 ,
765 549 881 617 quia
909 550 962 598 &
997 545 1128 596 ultro
1156 542 1341 593 bellum
1354 539 1559 605 jntule-

284 640 423 688 rant,
446 627 495 675 δε
520 620 617 671 fine
645 614 998 669 detrestatione
1028 613 1074 662 se
1106 607 1357 661 certamini
1382 606 1556 658 offere-

283 695 402 745 bant
420 732 435 753 ,
459 690 671 740 deorum
689 699 892 752 quoque
916 696 1035 747 opes
1064 675 1361 727 adhibendas
1390 690 1524 724 ratus
1540 711 1559 736 ,

285 762 413 814 inter
435 758 583 825 ipsam
604 750 971 804 dimicationem
987 784 1002 808 ‚
1025 743 1174 795 aedem
1196 753 1217 776 2
1241 742 1425 793 Iunoni
1447 745 1562 790 Mo-

286 844 410 880 netae
439 822 580 875 vovit
610 838 622 871 ι
653 818 795 885 cujus
825 825 842 858 3
879 815 1130 864 damnatus
1159 809 1268 861 voti
1304 826 1458 875 quum
1490 806 1562 858 vi·

285 896 394 947 &or
426 895 637 942 Romam
671 879 939 936 revertisset
969 918 984 941 ,
1019 874 1259 929 dieraturfi
1289 876 1335 924 se
1363 873 1561 926 abdica-

285 963 377 1014 vit.
415 962 619 1008 Senatus
650 949 939 1003 duumviros
970 946 1030 995 ad
1051 962 1156 995 eam
1178 941 1326 992 aedem
1348 959 1438 1010 pro
1460 953 1562 991 am·-

286 1025 531 1097 plitudine
561 1018 731 1089 populi
763 1012 967 1066 Romani
997 1009 1269 1062 faciendam
1294 1007 1446 1058 creari
1469 1007 1564 1070 jus-

289 1095 363 1145 fit.
395 1093 536 1143 locus
569 1090 619 1139 in
651 1101 761 1136 arce
789 1081 1082 1140 destinatus,
1106 1093 1210 1144 quae
1242 1092 1348 1125 area
1385 1073 1562 1124 aedium

288 1166 359 1211 M.
385 1156 554 1210 Manlii
578 1149 850 1222 Capitolini
872 1146 1047 1198 fuerat.
1085 1139 1565 1193 Consules-dietam-

292 1228 358 1279 ris
381 1224 601 1277 exercitu
625 1221 683 1270 ad
704 1216 889 1268 bellum
910 1213 1147 1265 Volscum
1171 1207 1238 1260 ufi
1257 1247 1272 1269 ,
1305 1210 1473 1258 Soram
1503 1221 1565 1257 ex
1617 1220 1623 1228 ··

293 1293 514 1347 hostibus
547 1327 563 1351 ,
603 1289 828 1338 incautos
865 1280 1022 1333 adorti
1058 1316 1074 1339 ‚
1116 1289 1370 1345 ceperunt.
1413 1277 1568 1323 Anno

297 1360 551 1430 postquam
587 1369 703 1406 vota
734 1364 864 1411 erat,
883 1347 1007 1399 aedes
1039 1349 1249 1394 Monetae
1279 1340 1564 1402 dedicatur,

297 1431 360 1478 C.
387 1424 578 1477 Marcio
605 1418 774 1472 Rutilo
800 1413 999 1466 tertitim
1016 1451 1031 1473 ,
1057 1414 1115 1461 T.
1143 1407 1324 1459 Manlio
1346 1410 1570 1476 Torqua-

298 1511 353 1546 to
380 1489 647 1543 secundnm
672 1482 971 1537 consulibus.
1006 1476 1296 1545 Prodigium
1319 1473 1568 1542 extemplo

297 1558 658 1613 dedicationem
692 1555 913 1603 secutum
934 1586 949 1608 ‚
972 1556 998 1589 4
1025 1543 1172 1594 simile
1200 1541 1394 1595 vetusto
1429 1557 1572 1590 mon-

297 1629 360 1679 tis
384 1624 560 1679 Albani
578 1620 823 1692 prodigio,
846 1629 1056 1681 namque
1082 1616 1134 1662 δε
1153 1608 1393 1676 lapidibus
1412 1607 1566 1675 pluit,

299 1699 353 1750 δε
388 1710 488 1746 nox
520 1687 733 1742 interdiu
765 1684 862 1738 visa
894 1677 1115 1733 intendi:
1138 1676 1370 1744 librisque
1405 1674 1568 1742 inspe-

355 1840 369 1866 1
391 1828 478 1868 Sine
492 1816 904 1870 vacationibus]Nul-
963 1813 1076 1855 Unde
1113 1811 1249 1863 colligi
1285 1807 1409 1862 potest
1448 1806 1572 1846 aedem

301 1882 341 1922 13
374 1879 510 1921 habita
547 1879 699 1916 ratione
729 1874 906 1912 vacatio·
963 1865 1298 1908 anteaedificatam
1312 1859 1573 1913 fuiffe,qu:lm

299 1950 396 1982 tuum
429 1951 438 1974 :
468 1933 610 1972 maelis
636 1929 686 1968 ad
722 1927 909 1964 militiam
963 1927 1067 1962 Juno
1104 1923 1274 1958 Monetae
1313 1918 1473 1954 nomine
1508 1918 1571 1952 in-

301 1993 422 2029 etiam
450 1989 496 2026 iis
525 1987 592 2038 quli
619 1985 658 2021 in
683 1978 835 2020 affueris
868 1980 908 2016 &
966 1974 1167 2027 {igniretur
1199 1987 1210 2019 3
1244 1973 1403 2021 haecque
1449 1968 1571 2006 verba

302 2044 469 2084 minoris
485 2036 648 2093 periculi
663 2034 776 2074 bellis
790 2044 908 2072 vaca-
966 2030 1082 2066 aedem
1122 2026 1264 2066 Iunoni
1303 2025 1465 2065 Monetae
1499 2036 1571 2057 vo-

300 2099 452 2137 tionem
474 2092 626 2132 militiae
645 2088 857 2128 habebant.
964 2083 1027 2119 vit
1044 2108 1054 2124 ‚
1071 2079 1208 2118 eodem
1228 2075 1350 2114 modo
1377 2076 1573 2125 accipien-

360 2163 381 2187 2
408 2147 554 2189 Iunoni
571 2146 763 2190 Monetae]
785 2140 909 2193 Scrip-
965 2135 1015 2172 da
1041 2130 1141 2180 effe,
1168 2145 1212 2170 ac
1241 2128 1266 2167 sl
1286 2123 1484 2179 scripsisset
1509 2130 1571 2164 Li-

302 2213 381 2245 tum
396 2203 418 2239 ax
435 2198 564 2240 multis
580 2196 628 2249 est
644 2223 655 2242 ‚
678 2196 805 2247 inquit
825 2196 907 2230 Cic.
963 2191 1047 2227 vius
1076 2203 1084 2225 :
1113 2184 1248 2224 AEdem
1273 2183 1418 2222 Junoni
1444 2209 1455 2228 ‚
1488 2193 1575 2231 quae

301 2258 331 2298 l.
361 2261 392 2295 1.
419 2255 465 2294 de
492 2254 582 2291 Div.
611 2263 648 2287 n.
681 2260 769 2286 101.
797 2259 908 2301 quum
966 2246 1126 2280 Moneta
1141 2237 1267 2292 postea
1286 2234 1479 2288 appellata
1497 2233 1573 2281 est,

301 2321 408 2350 terrae
434 2316 555 2346 motus
579 2301 707 2356 fac‘lus
735 2300 817 2354 cffet
833 2326 844 2343 ‚
868 2307 908 2336 ut
965 2298 1089 2335 vovit.

294 2364 360 2416 sue
391 2360 504 2417 plenci'
541 2357 748 2413 procuratio
778 2351 907 2402 fieret,
1024 2362 1037 2395 3
1076 2351 1293 2386 Damnatus
1326 2341 1439 2390 voti]
1479 2337 1573 2379 Vid.

301 2430 432 2455 vocem
448 2412 496 2451 ab
514 2411 590 2450 aede
606 2410 766 2451 ,lunonis
781 2419 828 2444 ex
844 2419 907 2444 ar·
964 2414 1048 2441 not.
1080 2412 1114 2437 1.
1140 2398 1190 2437 ad
1215 2402 1261 2437 V.
1290 2406 1354 2439 25.

299 2484 339 2508 ce
370 2464 542 2521 exstitzffie
560 2478 572 2501 .·
586 2462 755 2517 quocirca
785 2460 907 2499 Iuno·
1012 2470 1038 2504 4
1057 2450 1248 2492 Simila...
1263 2445 1471 2499 vetusto..,.
1489 2457 1577 2502 pro.

299 2537 381 2561 nem
401 2519 509 2560 illam
528 2513 754 2571 appellatam
776 2514 911 2549 Mone-·
961 2509 1095 2563 digio]
1126 2504 1220 2548 Vid.
1243 2508 1273 2543 1.
1303 2512 1366 2552 51·

298 2585 381 2616 tam
407 2590 419 2614 .-
449 2584 587 2625 nempe
628 2567 650 2610 ὲ
693 2564 905 2607 monendo.
