1680 3110
326 99 446 178 178
717 96 793 156 T.
875 97 928 156 L
973 118 997 157 1
1043 115 1088 160 v
1131 118 1157 159 1
1199 116 1225 160 1

101 193 303 238 v.c.417.
325 181 535 249 stinique
562 217 578 240 ,
617 193 834 245 quorum
867 193 981 247 ager
1013 182 1214 248 propior
1244 195 1347 233 erat
1369 221 1386 246 ‚
1418 184 1611 236 Pedum

103 244 194 280 ὣς·
214 255 302 289 335·
321 261 608 318 pervenere.
638 244 870 295 Aricinos
893 285 906 306 ,
935 245 1257 315 Laviniosque
1273 289 1290 311 ,
1321 253 1370 301 δέ
1394 251 1609 302 Veliter-

322 332 415 367 nos
435 310 719 364 Antiatibus
738 313 930 363 Volscis
951 315 995 363 se
1011 315 1366 383 conjungentes
1386 318 1446 368 ad
1469 319 1608 370 Astu-

321 400 383 435 1ae
415 380 602 431 flumen
628 417 643 440 ,
678 381 882 431 Maenius
913 380 1184 451 improviso
1223 383 1424 436 adortus
1460 383 1608 436 fudit.

320 446 568 499 Camillus
596 446 658 498 ad
688 448 881 500 Pedum
905 465 1022 499 cum
1043 449 1367 512 Tiburtibus,
1393 452 1609 504 maxim&

319 515 488 570 valido
521 515 746 566 exercitu
776 554 794 578 ,
829 526 851 551 2
889 515 1070 580 majore
1103 517 1233 568 mole
1262 556 1280 579 ,
1323 535 1607 588 quanquam
1671 535 1674 538 ⁴

319 583 461 652 oeque
483 583 715 651 prospero
739 594 922 635 eventu
937 621 953 644 ‚
978 599 1179 652 pugnat.
1200 584 1494 636 Tumultum
1517 604 1611 636 ma-

321 650 455 702 xime
485 649 738 716 repentina
768 651 898 700 inter
931 650 1148 716 praelium
1178 653 1374 720 eruptio
1407 652 1608 722 oppida-

321 735 505 769 norum
531 715 653 767 fecit
675 734 687 767 ι
709 716 760 767 in
785 732 914 784 quos
941 733 1075 783 parte
1101 718 1347 770 exercitiis
1369 720 1612 772 conversa.

321 783 599 845 CamilluS,
625 800 724 834 non
750 784 994 854 compulit
1023 784 1178 837 solum
1211 803 1297 837 eos
1327 786 1452 838 intra
1478 804 1611 838 moe·

322 854 408 904 nia
425 892 439 916 ‚
463 851 546 903 sed
569 851 745 902 eodem
769 851 916 902 etiam
939 851 1049 914 die,
1079 870 1233 921 quum
1262 854 1388 922 ipsos
1412 854 1612 905 auxilia-1

325 937 428 988 que
460 936 634 971 eorum
665 916 978 989 perculisset,
1011 920 1251 989 oppidum
1285 921 1424 971 scalis
1456 922 1609 991 cepit.
1678 939 1680 942 ⁴

324 987 525 1039 Placuit
553 985 667 1037 inde
700 986 795 1053 jam
821 986 1003 1052 majore
1034 1003 1215 1039 conatu
1250 988 1512 1057 animoque
1548 990 1612 1039 ab

327 1055 478 1107 unius
527 1054 892 1122 expugnatione
938 1054 1073 1105 urbis
1116 1055 1176 1105 ad
1224 1055 1612 1125 perdomandum

329 1122 528 1174 Latium
545 1120 785 1174 victorem
805 1120 1177 1173 circumducere
1199 1123 1471 1174 exercitum
1490 1141 1501 1172 :
1520 1140 1613 1175 nec

286 1207 289 1209 ·
331 1192 567 1259 quievere
601 1187 713 1239 ante
731 1227 747 1250 ,
778 1188 928 1256 quam
953 1192 1309 1257 expugnandO,
1335 1204 1420 1242 aut
1448 1190 1499 1240 in
1527 1190 1616 1241 de·

154 1262 299 1302 zazium
334 1258 577 1308 ditionem
616 1255 909 1323 accipiendo
951 1256 1156 1324 lingulas
1201 1257 1347 1307 urbes
1371 1296 1386 1318 ‚
1421 1256 1616 1308 Latium

113 1311 302 1356 ffbffi‘m'·
334 1342 482 1377 omne
509 1323 758 1390 subegere.
780 1322 1014 1373 Praefidiis
1035 1324 1147 1374 inde
1170 1322 1408 1391 dispofitis
1429 1340 1515 1393 per
1537 1342 1612 1375 re-

335 1407 480 1463 cepta
508 1391 689 1461 oppida
708 1429 724 1452 ,
748 1393 951 1441 Romam
980 1389 1038 1440 ad
1071 1389 1363 1442 destinatum
1392 1391 1617 1444 omnium
1641 1398 1651 1401 “

334 1463 573 1512 consensu
598 1457 905 1525 triumphum
937 1456 1194 1508 decessere.
1223 1455 1417 1509 additus
1439 1458 1614 1512 trium-

333 1528 436 1597 pho
467 1527 628 1577 honos
647 1564 662 1587 ‚
690 1540 748 1575 ut
777 1525 938 1575 statuae
971 1524 1217 1593 equestres
1253 1525 1322 1575 eis
1350 1564 1366 1587 ‚
1400 1543 1504 1576 rara
1533 1524 1617 1576 illa

331 1610 472 1646 aetate
495 1610 572 1643 res
587 1634 600 1655 ‚
624 1592 674 1641 in
697 1590 809 1642 foro
832 1608 1152 1660 ponerentur.
1178 1602 1195 1635 ³
1219 1593 1508 1659 Priusquam
1531 1609 1615 1643 co-

332 1663 487 1713 mitiis
525 1661 574 1710 in
616 1660 954 1728 insequentem
989 1676 1170 1710 annum
1210 1659 1435 1710 consules
1474 1673 1615 1727 roga-

134 1746 315 1787 1,Fu‚·2·⁴»s
336 1745 444 1781 rent
462 1768 476 1790 ,
497 1725 739 1778 Camillus
768 1726 828 1777 de
862 1726 1046 1777 Latinis
1077 1725 1273 1796 populis
1300 1726 1361 1777 ad
1396 1727 1617 1778 senatum

122 1794 230 1850 '‘ff‘'
257 1794 303 1828 “d
337 1796 539 1857 retulit,
568 1809 716 1862 atque
749 1793 816 1844 ita
848 1791 1066 1845 differuit
1091 1811 1102 1844 z
1131 1801 1291 1844 Patres
1328 1795 1582 1862 Conscripti
1594 1830 1618 1855 a

121 1846 301 1928 ῗζῗέἔο,
335 1868 455 1934 quod
489 1862 608 1912 hello
643 1864 873 1928 armisque
906 1864 956 1911 in
988 1863 1118 1910 Latio
1153 1863 1376 1928 agendum
1390 1863 1495 1926 fuit
1515 1896 1532 1918 ,
1564 1863 1617 1911 id

323 1942 427 1997 jam
451 1931 583 1982 dezlm
604 1931 889 1995 benignitate
907 1949 960 1978 ac
981 1931 1158 1978 virtute
1175 1927 1381 1978 militum
1402 1929 1462 1976 ad
1468 1927 1619 1994 finem*

335 2002 487 2051 venit.
518 1998 614 2065 caefi
642 1998 702 2046 ad
734 1998 902 2046 Pedum
935 1997 1235 2062 Asturamque
1249 1997 1361 2060 fiant
1390 1996 1614 2045 exercitus

337 2070 527 2132 hostium
563 2087 578 2114 .-
620 2064 782 2131 oppida
812 2064 978 2112 Latina
1009 2065 1158 2111 omnia
1187 2098 1203 2118 ,
1241 2061 1301 2115 dy
1337 2064 1530 2110 Antium
1564 2080 1617 2111 ex

337 2135 513 2200 Volscis
529 2168 545 2188 ,
569 2147 650 2182 aut
672 2132 728 2179 vi
747 2144 880 2198 capta
898 2166 913 2187 ‚
936 2145 1017 2178 aut
1037 2143 1215 2195 recepta
1238 2130 1286 2177 in
1307 2130 1609 2186 deditionem,

335 2201 558 2271 praefidiis
586 2213 796 2248 tenentur
819 2197 1000 2260 vestris.
1025 2195 1222 2262 Reliqua
1242 2194 1507 2258 consultatio
1530 2196 1614 2259 est,

338 2261 558 2340 quoniam
587 2262 845 2316 rebellando
868 2266 1037 2331 saepius
1070 2282 1148 2315 nos
1168 2262 1434 2328 sollicitant
1454 2297 1472 2319 ,
1501 2280 1613 2330 quo-

397 2416 416 2440 2
434 2403 584 2444 Maiore
598 2397 716 2439 mole.
729 2428 740 2439 .
753 2429 762 2439 .
781 2404 951 2453 pugnat]
1007 2408 1093 2437 rent
1139 2396 1303 2449 opulum
1329 2407 1454 2435 novos
1474 2396 1618 2435 consu-

341 2460 518 2510 Majores
542 2451 789 2492 difficultates
816 2457 853 2491 in
879 2465 950 2505 pu-
1007 2450 1084 2498 les,
1118 2464 1177 2490 ive
1193 2479 1206 2498 ,
1230 2449 1455 2502 priusquam
1480 2449 1613 2489 corni-

340 2526 416 2566 gna
441 2507 718 2562 exsuperandas
744 2507 896 2547 habuit.
1007 2517 1062 2543 tia
1089 2506 1200 2543 novis
1229 2504 1452 2543 consulibus
1478 2509 1613 2542 crean-

398 2579 412 2610 ς
451 2563 671 2617 Priusquam
688 2591 697 2601 .
720 2588 729 2598 .
749 2589 761 2601 .
778 2558 955 2612 ‚confides
1007 2559 1065 2597 dis
1083 2558 1272 2597 haberent
1289 2586 1300 2606 ‚
1323 2556 1453 2609 supple
1468 2585 1480 2605 ,
1499 2559 1526 2596 ii
1546 2558 1615 2611 qui

339 2623 543 2672 rogarant]
575 2615 807 2669 Priusquam
831 2626 951 2667 roga·
1007 2625 1092 2652 tum
1108 2611 1283 2654 consules
1300 2623 1423 2665 etant,
