1680 3110
124 228 313 272 U.c.4<9>.
334 158 482 290 {uafri
502 217 595 284 jam
617 234 716 267 non
736 233 796 265 ex
817 215 1074 267 intervallo
1092 233 1181 267 nec
1199 216 1447 270 miffilibus
1466 251 1481 275 ‚
1517 212 1600 266 sed

123 278 310 321 ²·C·²93·
331 287 558 338 cominus
588 282 848 349 gerebatur
880 297 987 343 reS,
1022 285 1071 331 &
1096 283 1181 350 qui
1217 298 1341 350 aegre
1367 279 1599 333 successe-

331 368 439 404 rant
463 367 521 400 ex
545 348 688 416 plano
707 347 754 397 in
779 364 944 397 muros
962 385 976 408 ‚
999 346 1113 397 loco
1134 386 1149 409 ‚
1180 366 1328 415 quem
1350 348 1502 415 magis
1533 347 1604 396 ti·-

330 431 556 469 muerant
576 454 590 474 ‚
619 414 785 475 vieto,
824 411 970 465 facile
994 413 1040 462 in
1061 413 1248 465 hostem
1278 415 1507 481 imparem
1538 428 1599 463 ex

327 501 469 551 aequo
488 481 800 550 pugnabant,
840 478 1018 530 reliffis
1049 480 1266 531 turribus
1286 480 1530 547 murisque
1550 479 1600 529 in

326 549 493 601 forum
512 564 681 598 omnes
712 545 946 614 compulfi
971 585 986 607 ,
1016 547 1255 615 paulisper
1287 548 1399 597 inde
1439 559 1603 595 tenta-

327 630 508 668 verunt
545 629 810 665 extremam
849 629 1018 680 pugnae
1061 613 1325 665 fortunam.
1372 610 1564 663 Deinde
1582 624 1604 673 ,·

327 682 527 749 abjestis
551 682 723 740 armiS,
762 679 821 729 ad
843 680 1126 745 quindecim
1160 680 1308 731 miliia
1342 679 1602 731 hominum

333 752 388 801 δε
424 746 769 817 quadringenti
807 746 856 796 in
902 745 1045 796 fidem
1082 747 1296 797 consulis
1337 759 1598 799 venerunt.

331 816 447 865 caesa
476 814 535 864 ad
563 829 776 882 quatuor
808 811 957 863 millia
984 813 1192 864 trecenti
1226 814 1490 881 ostoginta.
1519 811 1601 862 Sic

332 882 396 933 ad
431 881 720 932 Cominium
753 917 770 941 ‚
809 877 872 928 fic
901 878 960 929 ad
999 880 1313 948 Aquiloniam
1347 881 1475 948 gesta
1507 882 1622 930 res(

333 948 457 999 Inde
478 948 640 998 medio
664 948 791 996 inter
809 946 928 995 duas
947 946 1092 996 urbes
1114 948 1265 1014 spatio
1285 987 1300 1009 ‚
1335 947 1420 998 ubi
1455 946 1600 997 tertia

332 1015 605 1083 exspestata
651 1028 754 1063 erat
837 1027 963 1079 ugna
997 1050 1011 1072 ,
1054 1012 1215 1064 hostes
1261 1032 1358 1065 non
1398 1012 1601 1064 inventi.

332 1084 517 1150 septem
540 1080 687 1131 millia
707 1030 923 1147 passiium
945 1097 1098 1146 quum
1132 1079 1342 1131 abeffent
1374 1080 1399 1130 ὲ
1433 1080 1603 1131 Comi-

330 1150 416 1200 nio
434 1186 448 1209 ,
468 1146 686 1199 revocati
707 1146 764 1196 ab
783 1145 875 1195 suis
896 1146 1055 1195 neutri
1071 1147 1234 1214 praelio
1255 1161 1598 1198 occurrerunt.

327 1215 506 1266 Primis
526 1213 678 1264 ferme
703 1211 916 1262 tenebris
933 1250 948 1273 ‚
980 1229 1134 1278 quum
1153 1213 1201 1263 in
1223 1214 1484 1280 conspectu
1504 1213 1600 1278 jam

327 1281 478 1332 castra
495 1321 510 1343 ‚
528 1287 622 1343 jam
641 1278 958 1348 Aquiloniam
977 1278 1252 1330 habuissent
1267 1320 1281 1341 ,
1312 1282 1494 1330 clamor
1514 1296 1600 1330 eos

329 1349 581 1415 utrimque
605 1364 688 1414 par
712 1344 938 1396 accidens
971 1344 1192 1396 sustinuit
1221 1366 1232 1397 :
1263 1346 1439 1397 deinde
1463 1347 1489 1398 ἑ
1526 1363 1607 1396 re-

329 1415 478 1482 gione
518 1412 782 1464 castrorum
815 1450 830 1472 ‚
876 1427 982 1478 quae
1018 1410 1211 1462 incensa
1257 1414 1315 1464 ab
1370 1413 1617 1464 Romanis-

329 1495 467 1531 erant
488 1520 500 1539 ‚
536 1479 725 1530 flamma
763 1476 858 1527 late
893 1477 995 1527 fusa
1029 1479 1253 1529 certioris
1289 1480 1440 1530 cladis
1473 1477 1600 1530 indi-

328 1549 409 1597 cio
444 1545 673 1614 progredi
708 1543 900 1610 longius
939 1543 1210 1610 prohibuit.
1240 1549 1309 1596 Eo
1343 1547 1445 1614 ipso
1482 1546 1600 1597 loco

327 1625 350 1650 2
389 1630 541 1682 prope
586 1626 767 1661 temere
802 1611 888 1660 sub
925 1611 1067 1660 armis
1109 1611 1237 1662 strati
1272 1617 1433 1681 paffim
1463 1652 1477 1673 ,
1527 1614 1600 1662 in·-

326 1682 552 1748 quietum
593 1694 738 1728 omne
785 1691 978 1745 tempus
1023 1677 1178 1728 noctis
1208 1718 1223 1740 ‚
1277 1679 1600 1748 exspestando

329 1745 652 1813 timendoque
674 1743 834 1794 lucem
857 1782 872 1804 ,
909 1759 1066 1810 egere.
1103 1744 1255 1812 prim&
1283 1745 1394 1797 luce
1425 1746 1601 1796 incerti

328 1832 478 1881 quam
515 1813 563 1862 in
596 1825 781 1879 partem
814 1810 1124 1861 intenderent
1156 1813 1282 1872 iter,
1322 1813 1520 1881 repente
1546 1813 1600 1863 in

328 1881 498 1948 fugam
519 1878 918 1938 consternantur,
952 1878 1195 1943 conspecti
1231 1878 1289 1928 ab
1313 1879 1599 1948 equitibus:

328 1948 418 2016 qui
449 1944 658 2013 egressos
686 1943 828 1994 noste
853 1943 911 1994 ab
947 1943 1130 2012 oppido
1168 1946 1404 1996 Samnites
1438 1947 1602 2015 perse-

329 2013 435 2064 cuti
457 2052 472 2073 ,
505 2012 730 2063 viderant
756 2010 1123 2061 multitudinem
1140 2048 1156 2072 ,
1196 2029 1293 2061 non
1312 2012 1441 2064 vallo
1458 2050 1471 2072 ,
1496 2029 1598 2063 non

330 2079 618 2131 stationibus
653 2077 903 2130 firmatam.
959 2078 1231 2145 Conspecta
1264 2082 1313 2128 Se
1349 2096 1409 2129 ex
1446 2080 1598 2130 muris

331 2144 614 2214 Aquiloniae
655 2161 708 2193 ea
742 2143 1011 2205 multitudo
1039 2158 1140 2193 erat
1176 2166 1190 2194 ε
1222 2144 1414 2213 jamque
1449 2146 1599 2197 etiam

334 2211 613 2280 legionariae
631 2210 863 2260 cohortes
883 2210 1223 2278 sequebantur.
1251 2211 1488 2262 Ceterum
1505 2229 1599 2262 nec

337 2278 488 2348 pedes
520 2277 762 2345 fugientes
799 2277 1021 2344 persequi
1054 2277 1246 2346 potuit:
1276 2280 1326 2328 &
1346 2279 1404 2329 ab
1428 2278 1599 2346 equite

339 2345 580 2398 noviffimi
613 2342 815 2410 agminis
848 2343 1049 2393 ducenti
1089 2342 1241 2394 ferme
1273 2347 1323 2394 δε
1350 2344 1601 2412 oCtoginra

339 2410 602 2466 interfcsti.
637 2414 788 2461 Arma
824 2409 975 2461 multa
997 2409 1195 2480 pavidi,
1224 2427 1278 2462 ac
1310 2409 1437 2480 figna
1472 2410 1602 2464 mili-

393 2584 415 2610 2
436 2572 548 2627 Prope
565 2579 723 2624 temere]
744 2575 964 2613 Gronovius
980 2574 1117 2614 mallet
1128 2602 1141 2622 ‚
1155 2573 1251 2627 forte
1266 2583 1396 2614 temere
1410 2589 1422 2612 .-
1438 2586 1522 2627 quae
1539 2573 1601 2612 10-

341 2626 483 2680 quendi
504 2626 637 2668 forma
655 2627 756 2683 apud
770 2630 923 2672 Livium
939 2626 1175 2670 ufitatiffima
1191 2625 1255 2669 est.
1272 2629 1345 2672 Vel
1364 2628 1447 2671 dele
1453 2638 1582 2687 prope:

1491 2694 1612 2732 tal'la

1637 75 1642 78 .
1612 0 1647 55 ..ai
