1680 3110
331 110 414 175 28
760 117 836 181 T.
913 121 967 184 L
1010 142 1037 184 1
1080 143 1125 188 v
1165 147 1191 187 1
1233 147 1260 189 1

116 207 307 257 v.e.444.
329 131 473 255 riuik,
507 197 647 265 quam
687 202 957 267 quibusdam
989 212 1251 273 potentibus
1283 217 1434 264 tutum
1467 230 1567 266 erat
1583 219 1645 278 5'5

111 257 202 298 ²·C·
219 261 307 304 308·
331 281 555 315 exerceret
570 302 587 323 ,
609 270 816 334 contagio
839 276 933 329 ejus
948 307 963 328 ,
985 277 1105 339 quod
1127 280 1354 342 quaerebat
1369 317 1386 338 ,
1407 283 1493 348 ipsi
1512 286 1605 333 cri·

327 332 471 379 minis
504 333 722 390 objectam
756 337 813 384 ab
846 338 1056 389 inimicis
1084 344 1170 403 est,
1192 359 1245 393 ut
1269 349 1491 412 privatus
1521 352 1604 397 ob·-

330 399 463 444 viam
492 397 582 447 iret
614 401 838 459 crimini,
865 405 1098 456 dictatura
1116 410 1170 471 se
1195 412 1449 463 abdicavit.
1483 415 1603 465 Nolo
1646 423 1649 429 “

325 479 404 527 ego
427 463 558 524 illam
582 467 630 513 in
653 481 696 515 te
717 470 974 532 modestiam
994 494 1008 520 :
1033 492 1087 523 ne
1112 478 1457 541 degeneraveris
1481 485 1508 530 a
1521 485 1603 547 fa·
1658 518 1660 522 »

322 528 462 578 milia
499 532 848 600 imperiqfifflma
888 536 946 590 (Γ
973 541 1288 609 fitperbiſjima
1321 567 1335 593 .·
1369 564 1454 594 non
1492 550 1600 606 die,
1655 565 1665 617 ζ

321 612 407 644 non
426 596 536 645 hora
551 600 692 648 citius
707 636 722 657 ,
747 604 883 666 qudm
901 608 1059 673 neceffe
1078 610 1136 671 ⁶ss
1150 645 1166 666 ,
1185 613 1456 677 magistratu
1474 616 1602 665 abie-
1652 647 1659 659 ε

321 663 391 711 ris
411 663 576 723 ;m0do
609 684 664 715 ne
699 670 883 718 excedas
905 671 1096 737 finitum
1131 691 1323 743 tempus.
1348 681 1471 743 finis
1506 683 1599 745 est,
1655 735 1658 740 ,

319 746 401 779 aut
425 732 545 779 diem
567 747 648 780 aut
666 736 855 798 mensem
879 740 1070 801 censurae
1093 743 1307 801 adjicere.
1328 746 1600 799 Triennium
1657 791 1662 798 .

317 797 508 862 inquit,
547 798 606 851 e}
627 801 709 863 sex
740 805 908 866 menses
939 808 1061 855 ultra
1092 811 1229 874 quam
1256 809 1366 860 licet
1396 815 1600 865 AEmilid
1662 816 1665 829 '

313 861 450 929 lege,
478 867 709 929 cenfitram
731 886 893 932 geram
908 905 925 927 ,
947 871 1147 936 &solus
1163 893 1344 941 geram.
1368 887 1465 928 Hoc
1488 885 1598 948 qui·
1656 902 1663 914 ²

315 931 417 978 dem
439 937 541 991 jam
572 934 880 1000 regnofimile
908 939 985 1001 est.
1019 947 1093 989 An
1122 942 1344 1010 collegam
1366 947 1598 1015 subroga-
1651 962 1672 997 ².

314 997 389 1045 bis
417 1033 431 1052 ,
469 1016 601 1063 quem
633 1019 688 1049 ne
716 1003 766 1050 in
796 1004 1019 1055 demortui
1046 1010 1229 1073 quidem
1258 1010 1407 1061 locum
1430 1016 1598 1077 subro-

304 1065 422 1129 gari
437 1066 519 1129 fas
552 1067 611 1128 est
633 1067 652 1115 ἓ
672 1076 697 1110 4
729 1072 921 1119 Poenitet
944 1074 1064 1122 enim
1090 1074 1209 1141 quod
1231 1080 1595 1148 antiquzffimum

297 1129 487 1195 ftlenne
506 1167 521 1188 ,-
551 1132 768 1197 &filum
787 1138 842 1184 ab
862 1139 952 1203 ipfh
967 1174 984 1196 ,
1010 1143 1088 1189 cui
1089 1143 1153 1208 fit
1168 1178 1185 1199 ,
1205 1145 1464 1207 institutum
1486 1151 1590 1208 deo,
1658 1187 1678 1207 ,4

309 1198 367 1246 ab
407 1197 697 1265 nobiliffimis
735 1205 1018 1265 antistitibus
1058 1215 1151 1267 ejus
1176 1212 1310 1274 sacri
1339 1216 1400 1261 ad
1423 1217 1593 1278 servo-
1665 1231 1671 1282 j,

308 1281 412 1312 rum
432 1267 734 1329 ministerium
756 1268 998 1337 religiosus
1026 1278 1174 1338 censor
1203 1279 1425 1342 deduxisti
1438 1299 1460 1341 ,-
1474 1300 1592 1349 gens
1661 1283 1680 1329 ἶὲῖ

307 1332 546 1397 antiquior
570 1335 827 1400 originibus
852 1340 980 1387 urbis
1001 1342 1131 1399 hujus
1150 1378 1165 1401 ,
1191 1345 1379 1411 hospitio
1407 1349 1591 1400 deorum

305 1397 643 1449 immortalium
666 1403 831 1465 sancia
851 1439 867 1462 ,
900 1418 1084 1473 propter
1115 1425 1159 1457 te
1187 1429 1240 1458 ac
1272 1426 1398 1461 tuam
1431 1418 1588 1480 censu-
1678 1427 1680 1435 ⁴

304 1482 406 1513 ram
435 1467 559 1514 intra
585 1486 753 1516 annum
785 1471 841 1517 ab
856 1473 1008 1539 stirpe
1039 1477 1236 1524 extinHa
1267 1479 1324 1540 est
1341 1500 1356 1526 :
1379 1481 1465 1546 nisi
1481 1485 1586 1533 uni-

304 1532 485 1595 versam
507 1534 838 1601 rempublicam
861 1556 906 1586 eo
929 1541 1102 1602 nefario
1129 1544 1443 1606 obstrinxeris,
1468 1553 1588 1615 quod

301 1600 503 1648 ominari
534 1602 674 1650 etiam
706 1605 973 1668 reformidat
998 1609 1194 1659 animus.
1238 1614 1354 1660 Urbs
1375 1631 1421 1662 eo
1447 1613 1588 1678 lustro

302 1678 438 1731 capta
460 1668 520 1728 est
530 1703 547 1724 ,
565 1687 651 1734 quo
669 1705 684 1725 ,
709 1673 934 1720 demortuo
957 1672 1135 1741 collegd
1157 1683 1207 1726 C.
1232 1677 1356 1730 Iulio
1376 1684 1551 1746 censore
1562 1720 1580 1741 ,

298 1737 351 1780 L.
393 1735 611 1797 Papirius
653 1739 814 1800 Cursor
841 1773 857 1794 ,
898 1757 954 1788 ne
990 1742 1139 1790 abiret
1177 1746 1478 1809 magistratu,
1512 1757 1581 1803 Μ.

299 1799 561 1849 Cornelium
587 1802 948 1870 Maluginensem
970 1806 1194 1874 collegam
1204 1812 1499 1879 subrogavit.
1519 1823 1582 1866 Et

298 1881 468 1930 quanto
491 1869 726 1932 modestior
748 1869 883 1920 illius
904 1875 1133 1939 cupiditas
1146 1877 1248 1940 finit
1262 1914 1281 1936 ,
1308 1877 1445 1945 quam
1467 1898 1577 1943 tua,

297 1934 466 1998 Appi?
487 1942 583 1983 Nec
606 1935 765 2000 filus,
791 1956 869 1986 nec
901 1939 1026 1989 ultra
1044 1942 1237 2007 finitum
1275 1945 1374 2012 lege
1402 1964 1578 2017 tempus
1675 2006 1680 2021 Ἰ,

296 2004 348 2047 L.
380 2002 596 2066 Papirius
625 2005 856 2067 censuram
881 2009 1031 2074 geffit.
1061 2025 1212 2059 tamen
1245 2016 1467 2064 neminem
1499 2019 1578 2065 in-
1674 2026 1680 2070 ἑ

295 2066 429 2113 venit
462 2070 548 2132 qui
569 2070 623 2131 fi’
650 2072 800 2136 postea
836 2077 1064 2123 'austorem
1093 2078 1378 2143 sequeretur.
1424 2101 1575 2134 omnes
1673 2100 1680 2108 ⁴

294 2132 506 2199 deinceps
541 2137 738 2198 cenfhres
772 2139 864 2203 post
901 2157 1087 2190 mortem
1122 2143 1306 2211 collegae
1330 2151 1383 2212 se
1416 2154 1576 2218 magi-

275 2198 437 2261 stratu
457 2200 745 2253 abdicarunt.
773 2209 835 2256 Te
857 2224 936 2255 nec
957 2207 1078 2273 quod
1099 2212 1195 2259 dies
1217 2215 1332 2262 exiit
1353 2219 1570 2281 censurae,

292 2282 374 2313 nec
412 2265 532 2331 quod
566 2267 745 2335 collega
778 2274 1048 2338 magistratu
1078 2278 1229 2335 abiit,
1253 2298 1332 2328 nec
1363 2281 1464 2341 lex,
1490 2303 1572 2335 nec
1667 2329 1680 2350 Ἃ

284 2333 433 2397 pudor
456 2349 628 2383 coercet
651 2358 666 2384 :
690 2338 913 2387 virtutem
937 2342 984 2388 in
997 2344 1214 2410 superbia
1229 2381 1245 2400 ,
1270 2347 1318 2395 in
1340 2352 1534 2402 audacia
1549 2388 1567 2410 ,
1669 2366 1680 2402 v

290 2399 343 2447 in
367 2414 620 2469 contemptu
650 2404 830 2454 deorum
855 2408 1172 2477 hominumque
1195 2415 1342 2480 ponis.
1373 2424 1470 2486 Ego
1490 2434 1534 2470 te
1549 2455 1567 2479 ,
1663 2413 1674 2422 ”

289 2572 366 2652 ³3ae
383 2561 545 2626 Poenifet
569 2565 694 2618 enim]
725 2570 821 2609 Non
848 2569 954 2612 enim
983 2572 1073 2614 satis
1102 2573 1176 2614 tibi
1202 2572 1267 2615 est.
1295 2578 1388 2617 Haee
1415 2575 1564 2620 ironice

318 2626 349 2651 ις
368 2627 390 2653 a
416 2628 560 2670 acetpe.
