1680 3110
298 953 526 1090 DUo
543 947 652 996 novi
668 942 960 1010 magistratus
976 935 1142 995 adjeffi
1150 934 1284 997 sunt,
1299 943 1501 996 praetura
1522 923 1584 979 ἐφ’

466 1015 667 1066 aedilitas
691 1007 884 1059 curulis.
917 999 1183 1068 Pestilentia
1206 999 1380 1047 civitas
1403 994 1586 1042 labor-a·-

298 1093 405 1145 vit,
425 1099 612 1150 eamque
629 1077 844 1145 infignem
854 1075 974 1140 fecit
991 1087 1108 1120 mors
1131 1067 1261 1116 Furii
1280 1060 1491 1113 Camilli.
1512 1077 1590 1107 cu-

293 1165 375 1220 jus
405 1152 654 1202 remedium
680 1146 738 1199 ό*
753 1144 869 1211 finis
894 1157 1034 1207 quum
1059 1153 1144 1203 per
1169 1151 1312 1182 novas
1340 1128 1592 1194 religiones

303 1235 618 1292 quaereretur,
646 1213 747 1262 ludi
765 1209 940 1275 scenici
972 1222 1078 1253 tunc
1098 1201 1304 1268 primum
1321 1197 1447 1263 fasti
1461 1196 1594 1258 scant.

306 1297 465 1357 Quum
489 1287 586 1333 dies
617 1289 666 1330 L.
700 1275 879 1329 Manlio
909 1274 1033 1322 dieta
1066 1269 1163 1336 effet
1197 1269 1224 1315 ιὶ
1256 1272 1325 1313 Μ.
1358 1261 1597 1324 Pomponio

308 1358 493 1408 tribuno
525 1349 712 1418 plebis,
736 1359 919 1414 propter
953 1338 1177 1388 delectum
1214 1328 1370 1382 acerbe
1412 1328 1563 1376 aflum
1580 1360 1598 1383 ,

310 1424 375 1480 dy
396 1427 453 1472 T.
476 1415 708 1470 Manlium
720 1412 880 1481 filium
899 1427 977 1457 rus
998 1405 1252 1470 relegatum
1261 1399 1359 1464 fine
1379 1394 1475 1444 ullo
1501 1394 1600 1444 cri-

311 1493 437 1543 mine
459 1506 478 1549 ‚·
501 1483 756 1547 adolescens
790 1480 916 1546 ipse,
947 1479 1072 1532 cujus
1107 1467 1328 1534 relegatio
1355 1463 1487 1531 patri
1520 1462 1601 1508 ob-

309 1558 599 1622 ¹fidebatur,
623 1550 756 1598 venit
789 1548 840 1595 in
876 1539 1138 1592 cubiculum
1173 1532 1385 1587 tribuni,
1410 1529 1605 1593 stric‘io-

321 1643 412 1694 que
435 1620 599 1689 gladio
633 1616 781 1683 coegit
805 1630 904 1662 eum
929 1611 979 1659 in
1006 1609 1149 1655 verba
1171 1604 1259 1667 sua
1276 1605 1437 1659 jurare
1457 1632 1471 1653 ‚
1505 1602 1608 1644 Non

318 1685 722 1762 perseveraturum
744 1684 796 1747 se
827 1682 876 1728 in
900 1674 1202 1739 accusatione.
1236 1673 1392 1731 Quum
1421 1661 1610 1712 telluris

328 1763 464 1811 hiatu
484 1771 581 1805 tota
612 1753 670 1801 ad
693 1748 910 1799 ultimum
935 1743 1095 1811 patria
1126 1737 1290 1787 territa
1309 1735 1437 1799 foret
1459 1767 1474 1790 ,
1505 1730 1613 1777 tunc

330 1828 488 1878 omnia
509 1820 707 1891 pretiosa
731 1815 854 1883 miffa
879 1815 990 1878 sunt
1018 1811 1067 1858 in
1090 1820 1321 1874 patentem
1345 1798 1615 1864 voraginem

332 1897 466 1947 urbis
505 1898 730 1940 Romame.
767 1886 818 1932 in
863 1898 962 1930 eam
1000 1876 1186 1926 Curtius
1227 1882 1430 1920 armatus
1455 1865 1618 1930 sedens

335 1981 452 2030 equo
466 1961 516 2023 se
535 1951 858 2024 praecipitavit
877 1984 892 2005 ‚
929 1961 1070 2011 eaque
1093 1939 1268 2008 expleta
1292 1936 1367 1999 est.
1396 1938 1451 1982 T.
1477 1938 1619 1980 Man-

339 2029 438 2080 lius
465 2024 748 2088 adolescens,
781 2018 864 2085 quz'
887 2029 1067 2082 patrem
1090 2006 1117 2057 ὰ
1138 2004 1387 2055 tribunitia
1408 1998 1622 2048 vexatio-

341 2116 400 2148 ne
440 2095 771 2144 vindicaverat
806 2120 823 2145 ,
867 2096 1022 2130 contra
1073 2073 1262 2124 Gallum
1300 2080 1625 2135 provocantem

345 2164 554 2230 aliquem
583 2176 633 2206 ex
665 2152 901 2204 militibus
930 2145 1143 2196 Romanis
1161 2178 1176 2200 ,
1201 2141 1249 2188 in
1269 2133 1506 2203 singulare
1530 2147 1628 2178 cer-

345 2249 501 2282 tamen
543 2224 769 2290 descendit
801 2256 816 2276 ,
863 2218 995 2282 eique
1029 2211 1168 2271 occiso
1205 2221 1408 2269 torquem
1443 2210 1631 2248 aureum

345 2296 549 2350 detraxit
566 2317 579 2343 .-
601 2309 733 2358 quem
756 2288 848 2354 ipse
864 2283 1012 2351 postea
1035 2276 1148 2326 tulit
1167 2311 1181 2334 ,
1208 2274 1263 2325 &⁹
1289 2288 1338 2319 ex
1360 2286 1406 2316 eo
1425 2272 1633 2331 Torqua-

349 2383 428 2416 tus
456 2365 514 2426 est
542 2371 843 2423 nuncupatus.
875 2356 992 2398 Duae
1020 2346 1169 2394 tribus
1203 2339 1368 2388 addita>
1386 2370 1400 2393 ‚
1429 2340 1533 2382 Pom
1569 2331 1634 2377 ti·-

350 2451 411 2484 na
444 2433 503 2485 θ’
532 2424 758 2478 Publilia.
788 2418 998 2469 Licinius
1032 2410 1150 2462 Stolo
1182 2405 1282 2474 lege
1315 2406 1370 2451 ab
1403 2402 1494 2467 ipso
1554 2394 1635 2444 atei

354 2503 598 2551 damnatus
621 2493 678 2556 el}
712 2527 729 2548 ,
790 2484 908 2554 quod
939 2481 1048 2549 plus
1090 2472 1357 2544 quingentis
1390 2466 1639 2533 jugeribus

355 2569 465 2635 agri
496 2563 750 2632 poffideret.
801 2563 872 2605 M.
916 2548 1130 2599 Valerius
1167 2543 1380 2592 tribunus
1429 2531 1642 2583 militum

357 2633 581 2691 Gallum,
604 2629 632 2681 ἁ
661 2645 749 2694 quo
774 2633 1053 2692 provocatus
1088 2627 1184 2664 erat
1200 2646 1217 2670 ,
1252 2606 1464 2675 inficiente
1486 2595 1637 2667 galeae
