1669 3052
426 147 779 210 annss
855 143 971 208 IX.
1218 147 1347 223 289

79 231 254 285 Nihilo
288 229 504 301 quietior
539 233 786 280 Romanus
820 226 1067 280 exercitus
1087 266 1103 288 ‚
1140 227 1350 296 imperio
1374 255 1565 297 03444,

76 298 218 352 ducis
248 299 543 348 continetur.
578 296 767 347 decima
792 310 894 346 erat
921 293 1027 346 fere
1063 293 1163 345 diei
1195 294 1349 355 hora,
1372 302 1457 339 ιε-
1477 295 1565 344 303.

77 381 235 440 quum
262 364 429 415 cibum
451 380 623 438 capere
648 361 816 412 consul
838 360 1019 412 milites
1035 360 1175 424 jubet
1197 389 1209 422 ;
1234 377 1354 428 prae-

22 438 27 439 ⁷
79 445 203 498 cipit
224 445 280 481 ut
305 431 353 480 in
378 446 519 481 arm1s
543 428 661 489 fint,
680 445 996 494 quacumque
1019 427 1117 478 diei
1138 427 1355 479 noetisve

77 496 202 548 hora
219 496 405 564 signum
428 495 636 546 dederit.
666 493 840 543 Paucis
863 494 1042 544 milites
1060 490 1354 564 alloquitur,

77 564 370 614 Samnitium
396 561 523 612 bella
546 559 738 611 extollit
754 597 770 620 ,
793 559 953 611 elevat
986 563 1218 611 Etruscos
1239 579 1250 610 ε
1274 579 1357 610 nec

79 633 241 694 hostem
261 631 373 692 hqsti
387 664 404 684 ‚
439 645 519 676 nec
544 626 886 676 multitudinem
912 626 1208 677 multitudini
1230 646 1356 677 com-

57 725 62 728 -
73 698 328 763 parandam
349 694 417 744 ait
436 693 530 760 effe.
565 701 786 742 Praeterea
807 691 948 741 telum
974 692 1105 742 aliud
1128 694 1356 743 occultum

68 763 270 828 scituros
298 763 349 810 in
380 774 594 827 tempore.
630 768 809 809 Interea
837 760 984 807 taceri
1006 773 1115 827 opus
1146 760 1240 827 effe.
1268 760 1359 810 His

79 826 370 895 ambagibus
405 825 548 895 prodi
590 823 842 875 simulabat
875 823 1070 887 hosteS,
1112 844 1215 895 quo
1255 826 1358 876 ani·

79 911 192 946 mus
232 893 446 944 militum
486 890 805 942 multitudine
847 891 1048 942 territus
1086 893 1360 945 restituere·

84 975 203 1012 tur:
228 962 282 1010 Sc
311 999 328 1021 ,
361 956 500 1026 quod
531 956 626 1007 fine
661 957 970 1008 munimento
1001 959 1358 1021 consederant,

82 1026 389 1079 verisimilius
417 1039 520 1075 erat
551 1023 688 1091 quod
715 1023 1038 1075 simulabatur.
1077 1026 1253 1076 Cui-ati
1283 1027 1360 1076 ci-

4 1150 7 1153 v
84 1093 152 1144 bo
181 1109 385 1161 corpora
417 1090 572 1165 quieti
602 1090 718 1166 dant
737 1128 752 1151 ,
775 1093 825 1140 δε
857 1090 1028 1157 quarta
1058 1089 1158 1143 fere
1185 1091 1358 1158 vigilia

83 1159 180 1212 fine
213 1157 429 1209 tumultu
462 1172 662 1207 excitati
695 1174 823 1206 arma
864 1157 1080 1224 capiunt.
1134 1157 1357 1209 Dolabrae

5 1257 12 1267 x
83 1225 339 1278 calonibus
363 1223 651 1275 dividuntur
683 1222 744 1273 ad
778 1222 959 1298 vallum
986 1225 1357 1293 proruendum,

83 1290 322 1367 foffasque
349 1289 647 1358 implendas:
669 1289 794 1340 intra
825 1306 1125 1341 munimenta
1154 1292 1357 1344 instrui-

4 1422 7 1423 7
83 1372 165 1412 tur
196 1375 356 1410 acies:
381 1357 575 1408 delectae
608 1356 842 1407 cohortes
876 1356 935 1408 ad
964 1373 1216 1426 portarum
1252 1359 1357 1410 exi-

83 1440 165 1478 tus
194 1424 518 1478 collocantur.
551 1422 667 1474 dato
696 1422 872 1474 deinde
900 1424 1033 1491 figno
1065 1425 1211 1492 paulo
1243 1441 1355 1477 ante

80 1492 245 1546 lucem
269 1530 283 1552 ‚
321 1490 458 1559 quod
490 1489 660 1542 aestivis
693 1489 922 1541 noctibus
952 1490 1113 1559 sopitae
1147 1495 1355 1544 maxime
1407 1509 1544 1548 Etrusca

84 1559 268 1627 quietis
292 1573 486 1626 tempus
508 1556 574 1607 est
593 1595 608 1617 ,
631 1571 838 1624 proruto
860 1555 990 1608 vallo
1013 1558 1175 1625 erupit
1195 1560 1327 1610 acies
1344 1578 1356 1610 t
1373 1562 1524 1607 oppreffi.

84 1627 256 1679 stratos
278 1624 439 1694 passim
463 1622 650 1677 invadit
680 1623 842 1674 hostes
867 1643 879 1674 ε
904 1623 1026 1675 alios
1050 1624 1360 1690 immobiles,

84 1692 207 1744 alios
236 1691 546 1743 semisomnos
579 1690 631 1740 in
660 1689 907 1741 cubilibus
935 1691 1032 1741 suis
1056 1730 1071 1753 ,
1101 1693 1364 1745 maximam

85 1774 272 1831 partem
295 1767 315 1792 2
340 1757 400 1808 ad
421 1774 550 1809 arma
571 1756 870 1825 trepidantes
884 1795 903 1819 ,
926 1756 1081 1821 caedes
1102 1759 1364 1829 oppreffit:

123 1826 256 1878 aucis
287 1823 500 1875 armandi
532 1824 578 1874 se
604 1823 776 1875 datum
808 1823 1013 1892 spatium
1043 1825 1124 1876 est.
1159 1830 1255 1878 Eos
1282 1827 1366 1897 ip-

83 1844 160 1944 fos
182 1909 279 1944 non
301 1891 485 1959 fignum
506 1905 697 1942 certum
711 1927 726 1951 ‚
748 1908 846 1941 non
870 1888 1049 1950 ducem
1070 1893 1115 1943 se
1154 1908 1327 1946 uentes
1342 1930 1363 1956 ‚

83 1958 252 2011 fundit
288 1960 534 2009 Romanus
564 1975 577 2007 z
620 1955 817 2074 fugatos
853 1973 1006 2025 eques
1072 1976 1123 2010 er
1147 1961 1390 2030 equitur„

86 2025 167 2079 Ad
199 2024 378 2086 castra,
400 2024 459 2074 ad
494 2022 649 2090 sylvas
717 2021 852 2076 iverfi
886 2024 1032 2074 tende
1070 2041 1170 2076 ant.
1206 2027 1365 2094 Sylva:

85 2091 245 2143 tutius
275 2090 454 2141 dedere
484 2088 747 2157 refugium.
785 2107 894 2140 nam
919 2089 1068 2143 castra
1094 2092 1145 2143 in
1177 2094 1364 2162 campis

0 2211 4 2218 ,
84 2157 170 2211 sita
199 2156 376 2209 eodem
403 2156 484 2208 die
515 2157 774 2231 capiuntur
798 2175 809 2206 z
834 2173 1007 2208 aurum
1033 2194 1049 2219 ,
1082 2175 1367 2227 argentum-

0 2673 22 2685 „s

84 2241 187 2294 que
216 2221 391 2290 juffum
421 2220 593 2274 referri
617 2222 676 2275 ad
704 2222 957 2274 consulem
979 2239 1177 2277 :cetera
1205 2227 1373 2295 praeda.

85 2290 256 2344 militis
289 2289 403 2342 fuit.
452 2289 585 2339 Caesa
623 2305 708 2341 aut
744 2304 885 2359 capta
927 2306 990 2341 eo
1028 2290 1109 2344 die
1148 2292 1365 2345 hostium

84 2357 240 2410 millia
271 2356 333 2408 ad
361 2355 621 2422 sexaginta.
662 2360 778 2407 Eam
811 2370 910 2407 tam
939 2357 1119 2410 claram
1150 2376 1366 2428 pugnam

33 2426 43 2430 '⁷
86 2437 218 2485 trans
235 2423 500 2478 Ciminiam
523 2420 702 2490 sylvam
722 2422 783 2475 ad
803 2421 1048 2477 Perufiam
1067 2442 1369 2497 pugnatam,

138 2597 162 2626 2
192 2582 273 2628 ‚Ad
296 2598 403 2625 arma
434 2581 694 2641 trepidantes]
749 2585 942 2627 mmultfis
989 2586 1255 2630 festinatione·
1283 2587 1363 2634 dis«

84 2642 188 2682 Cum
223 2638 483 2692 trepidatione
512 2640 553 2681 δε
581 2638 697 2694 plena
749 2652 945 2684 cutrentes
974 2641 1027 2684 ad
1049 2654 1180 2684 arma.

169 2697 298 2750 Tem.
329 2699 396 2750 ΙΙ.
1101 2699 1152 2751 N
