1680 3110
333 106 464 160 '120
739 95 1259 157 T.L1v11

129 178 438 249 U.c.407.tum
475 176 644 229 consul
680 176 879 227 futurus
905 177 1048 227 datus
1078 177 1158 228 est.
1195 181 1328 229 Cum
1361 177 1544 230 Graecis
1574 176 1604 230 ἃ.

128 254 215 292 ⁸10·
231 245 548 299 345.Camill0
581 242 713 294 nulla
745 242 1077 294 memorabilis

1138 244 1231 294 esta
1258 262 1332 295 res
1366 264 1377 296 ε
1411 263 1500 295 nec
1529 243 1602 294 illi

333 312 462 363 terra
479 352 495 373 ,
517 326 607 360 nec
633 313 880 360 Romanus
903 309 1021 360 mari
1042 311 1102 359 be
1128 312 1249 360 lator
1267 327 1385 362 erat.
1416 311 1603 362 Postre-
1651 328 1654 331 ·

331 377 416 429 mo
454 394 609 445 quum
638 375 892 426 littoribus
931 391 1213 428 arcerentur
1243 415 1257 436 ,
1291 378 1416 445 aqua
1455 377 1604 430 etiam

328 459 501 512 praeter
523 457 685 493 cetera
709 440 965 493 necessaria
984 443 1090 494 usui
1108 443 1394 505 deficiente,
1411 444 1604 496 Italiam
1653 504 1661 509 s

327 510 588 578 reliquere.
628 509 789 576 Cujus
821 509 991 578 populi
1024 527 1078 560 ea
1110 547 1126 569 ‚
1164 510 1399 579 cujusque
1436 510 1600 577 gentis
1655 563 1660 567 ,

328 576 482 626 claffis
514 576 666 626 fuerit
689 615 703 637 ‚
749 575 871 626 nibil
903 575 1027 625 certi
1060 575 1143 626 est.
1181 577 1390 628 maxime
1428 576 1602 626 Siciliae

329 641 468 693 fuisse
499 657 732 709 tyrannos
757 641 1072 693 crediderim.
1099 659 1208 692 nam
1242 643 1443 693 ulterior
1467 646 1603 694 Grae-

330 709 407 759 cia
427 709 521 768 ,ea
557 709 840 777 tempestate
860 749 875 770 ,
896 708 1125 759 intestino
1163 707 1276 759 fessa
1306 709 1437 760 bello
1454 749 1471 773 ,
1504 709 1601 777 jam

333 783 351 817 3
378 775 705 826 Macedonum
730 793 847 844 opes
869 775 1116 826 horrebat.
1649 830 1665 834 ὴ

396 846 598 892 XXVII.
629 842 936 892 Exercitibus
967 841 1190 903 dimiffis,
1213 859 1369 910 quum
1399 844 1448 893 δ’(
1480 839 1603 893 foris

328 925 419 975 pax
453 911 501 958 δε
529 907 663 958 domi
694 906 958 959 concordia
991 908 1220 959 ordinum
1255 909 1414 959 otium
1448 906 1601 970 effet,

327 991 388 1024 ne
418 974 561 1025 nimis
590 974 704 1025 laetae
734 990 809 1025 res
837 973 986 1024 essent
1005 1015 1018 1034 ‚
1041 975 1311 1043 pestilentia
1344 975 1598 1027 civitatem

326 1040 498 1092 adorta
523 1040 690 1108 coegit
711 1043 927 1092 senatum
950 1041 1187 1110 imperare
1206 1041 1496 1094 decemviris
1511 1081 1526 1104 ,
1542 1056 1602 1092 ut

325 1106 479 1158 libros
516 1107 780 1173 Sibyllinos
811 1105 1104 1175 inspicerent
1137 1128 1150 1160 z
1186 1125 1457 1176 eorumque
1492 1127 1603 1159 mo-

325 1174 435 1224 nitu
469 1173 813 1227 lestisternium
847 1174 957 1225 fuit.
999 1175 1184 1225 Eodem
1207 1192 1331 1225 anno
1358 1177 1601 1225 Satricum

326 1240 386 1291 ab
431 1241 717 1293 Antiatibus
763 1240 957 1291 colonia
999 1240 1245 1302 deducta,
1282 1241 1496 1292 restituta
1537 1258 1601 1293 ue

327 1306 443 1358 urbs
464 1347 475 1367 ,
513 1326 660 1374 quam
688 1308 843 1358 Latini
870 1307 1136 1359 diruerant.
1171 1311 1228 1357 Et
1251 1325 1365 1358 cum
1387 1311 1509 1358 Cart
1550 1326 1603 1359 a-

249 1415 255 1422 .
281 1385 310 1443 ·-
329 1373 622 1449 giniensibus
655 1373 826 1442 legatis
853 1378 1017 1425 Romae
1044 1374 1215 1426 foedus
1239 1373 1420 1436 ictum,
1443 1392 1618 1443 quum⁴

330 1441 593 1492 amicitiam
644 1459 700 1491 ac
751 1440 1031 1492 societatem
1075 1455 1298 1509 petentes
1346 1441 1602 1493 venissent.

301 1507 468 1563 ⁸Idem
499 1508 658 1558 otium
693 1507 827 1559 domi
868 1507 1081 1576 forisque
1124 1507 1291 1564 mansit
1324 1510 1381 1559 T.
1415 1508 1602 1559 Manlio

301 1578 585 1643 -Torquato
613 1612 629 1635 ,
665 1577 726 1624 C.
765 1574 962 1625 Plautio
1002 1574 1316 1625 consulibus:
1347 1583 1365 1608 1
1411 1576 1604 1625 semun-

270 1697 280 1707 ‚
300 1642 311 1649 '
328 1642 533 1692 ciarium
562 1639 751 1692 tantum
777 1658 837 1692 ex
863 1640 1083 1692 unciario
1114 1640 1285 1693 foenus
1313 1639 1527 1702 fastum,
1551 1644 1603 1693 &

331 1719 353 1744 2
388 1708 438 1759 in
477 1709 725 1776 pensiones
764 1726 922 1776 aequas
956 1708 1153 1758 triennii
1184 1745 1200 1768 ,
1238 1708 1306 1758 ita
1338 1722 1394 1758 ut
1429 1723 1603 1776 quarta

327 1777 528 1842 praesens
555 1773 700 1836 esset,
726 1775 904 1826 solutio
932 1775 1033 1826 aeris
1062 1774 1207 1825 alieni
1231 1774 1495 1842 dispensata
1520 1775 1604 1831 est.

332 1851 350 1885 3
379 1844 429 1894 δε
460 1842 523 1892 fic
554 1859 757 1911 quoque
791 1856 927 1910 parte
962 1840 1117 1911 plebis
1154 1840 1322 1894 affecta
1339 1880 1356 1904 ,
1384 1840 1502 1894 fides
1532 1857 1605 1894 ta-

385 1962 399 1997 3
430 1949 683 1989 Macedonum
708 1961 792 2005 opes
814 1950 937 1990 horre-

330 2001 426 2052 bat]
451 2008 536 2041 Hoc
552 2005 635 2056 ipso
650 2017 825 2056 tempore
843 2006 936 2043 Phi-

328 2057 454 2107 lippus
475 2057 687 2096 Alexandri
711 2061 847 2110 Magni
870 2071 939 2111 pa-

328 2121 386 2148 ter
406 2109 626 2159 Olynthum
650 2111 910 2164 expugnabat.

390 2173 404 2199 1
433 2165 720 2202 Semunciarium
734 2194 742 2204 .
762 2164 939 2217 ‚foenus]

329 2219 387 2254 Ut
406 2229 479 2267 pro
499 2219 664 2256 centenis
685 2221 856 2256 nummis
876 2218 939 2256 di-

330 2270 473 2310 midius
502 2283 684 2309 nummus
707 2274 746 2309 in
770 2270 939 2324 singulos

331 2335 452 2361 annos
471 2323 711 2374 penderetur.
739 2325 832 2366 Vid.
851 2337 937 2364 not.

335 2388 371 2414 1.
397 2376 447 2415 ad
474 2389 508 2416 c.
532 2385 592 2414 16.
614 2377 740 2429 supra.

386 2441 409 2472 2.
431 2432 452 2466 I
457 2445 480 2466 n
494 2428 677 2482 pensiones
693 2445 818 2488 aequas
831 2432 939 2471 trien-

330 2483 388 2521 nii
403 2514 410 2528 ,
431 2484 487 2521 ita
505 2493 543 2520 ut
563 2494 698 2536 quarta
715 2488 871 2540 praesens
884 2485 937 2536 es-

325 2538 408 2587 [ει]
426 2542 571 2575 Totum
588 2549 636 2575 ὅτε
656 2538 827 2576 alienum
842 2551 938 2591 qua-

329 2600 418 2632 tuor
445 2588 690 2643 pernionibus
728 2591 827 2633 solvi
855 2593 936 2646 jus-

990 1952 1074 1990 sum
1101 1950 1152 1990 est
1168 1980 1180 1999 ,
1208 1953 1261 1990 ita
1284 1963 1325 1990 ut
1350 1963 1489 2002 quarta
1513 1965 1602 2003 pars

992 2003 1122 2043 statim
1148 2005 1480 2056 repraesentaretur
1497 2020 1508 2050 ·,
1525 2018 1601 2043 tres

992 2058 1132 2110 reliqui
1148 2058 1378 2110 quadrantes
1393 2059 1462 2095 sub
1482 2056 1601 2097 finem

991 2114 1110 2164 primi
1139 2140 1152 2160 ‚
1189 2112 1342 2150 secundi
1368 2139 1381 2159 ,
1415 2113 1457 2150 δε
1497 2114 1602 2151 tertii

992 2178 1085 2204 anni
1115 2177 1426 2204 numerarentur.

1046 2232 1060 2266 3
1082 2221 1131 2256 Et
1143 2217 1193 2265 fic
1208 2225 1381 2274 quoquc]
1404 2223 1446 2257 Et
1461 2231 1602 2271 quam·

991 2273 1049 2311 vis
1072 2271 1155 2323 post
1178 2274 1273 2312 talia
1297 2270 1470 2311 concessa
1490 2273 1602 2311 leva-

991 2338 1122 2364 menta
1145 2339 1232 2378 pars
1253 2327 1374 2378 plebis
1395 2326 1522 2365 adhuc
1543 2326 1600 2365 la-

993 2380 1152 2418 boraret
1181 2407 1193 2427 ‚
1229 2378 1346 2418 fidem
1375 2391 1506 2418 tamen
1531 2394 1601 2432 pu·

991 2432 1140 2471 blicam
1157 2461 1168 2480 ‚
1188 2436 1295 2484 cujus
1325 2433 1476 2472 interest
1500 2433 1600 2475 solvi

990 2487 1179 2524 creditum
1198 2515 1207 2533 ‚
1230 2488 1377 2525 senatus
1400 2490 1598 2540 potiorem

990 2540 1129 2578 habuit
1151 2537 1446 2581 d1fficultatibus
1470 2541 1599 2580 mole-

990 2592 1143 2648 stiisque
1160 2595 1338 2648 privatis.

1489 2662 1603 2698 men
