1680 3110
298 173 427 236 314
704 145 1233 208 T.L1v11

85 255 358 296 U-c.451.ex
386 249 522 308 parte
552 226 827 283 latrociniis
864 222 1122 274 maritimis
1153 221 1360 273 infames
1379 259 1395 283 ‚
1433 234 1582 272 terre·

89 303 408 359 a·C·30¹·rent
427 345 439 364 ,
474 300 671 370 penitus
703 293 764 345 ad
793 292 964 343 littora
995 294 1303 340 Venetorum
1338 290 1579 357 pervenit.

299 374 379 426 Ibi
398 365 627 436 expositis
645 361 817 433 paucis
839 358 925 427 qui
943 356 1053 407 loca
1076 355 1412 424 explorarent,
1426 372 1584 422 quum

299 434 506 492 audisset
558 447 707 484 tenue
751 439 1041 496 praetentum
1080 421 1222 474 littus
1260 419 1353 472 effe
1379 460 1396 484 ,
1445 419 1586 489 quod

301 501 598 570 transgressis
626 497 786 564 stagna
820 493 879 544 ab
905 507 1044 559 tergo
1072 488 1162 540 fint
1186 488 1367 556 irrigua
1395 487 1586 538 aestibus

304 568 562 625 maritimis
590 595 601 627 3
632 574 649 607 ³
678 578 820 631 agros
837 559 971 611 haud
991 556 1166 628 procul
1189 555 1440 626 proximos
1459 571 1589 604 cam·

306 638 490 710 pestres
510 632 681 693 cerni,
702 628 940 682 ulteriora
961 624 1113 676 colles
1133 644 1150 685 ·,
1167 622 1280 674 inde
1303 620 1395 672 esse
1415 619 1594 671 ostium

310 704 528 759 fluminis
559 697 777 770 praealti,
804 695 908 762 quo
939 691 1207 758 circumagi
1240 706 1388 742 naves
1420 688 1469 737 in
1494 685 1590 737 sta-

311 774 504 825 tionem
527 783 686 821 tutam
710 762 880 815 vidisse
902 779 913 811 ε
939 758 1248 822 (Meduacus
1276 755 1428 807 amnis
1451 754 1593 816 erat)

314 840 378 892 eb
401 837 644 891 invectam
668 831 860 883 classem
882 827 1041 879 subire
1064 824 1264 875 flumine
1284 822 1484 874 adverso
1500 820 1596 887 jus-

313 909 389 961 sit.
417 902 727 957 Gravissimas
747 896 946 960 navium
967 909 1066 945 non
1088 890 1291 960 pertulit
1314 890 1480 942 alveus
1504 886 1596 938 flu-

317 972 563 1028 minis.*in
593 969 780 1021 leviora
808 961 998 1029 navigia
1024 956 1302 1027 transgressa
1327 953 1603 1007 multitudo

319 1055 623 1095 armatorum
642 1074 658 1096 ‚
692 1033 752 1085 ad
781 1032 1067 1099 frequentes
1099 1041 1241 1094 agros
1275 1023 1434 1075 tribus
1461 1019 1604 1072 mari·

323 1108 459 1162 timis
475 1103 828 1159 Patavinorum
845 1096 967 1149 vicis
984 1135 1000 1156 .,
1019 1091 1301 1145 colentibus
1321 1108 1427 1141 eam
1443 1105 1604 1147 oram,

249 1232 253 1234 ,
365 1174 571 1227 ervenit.
604 1169 683 1220 Ibi
708 1164 876 1236 egressi
896 1204 910 1226 ,
938 1162 1035 1214 levi
1063 1159 1276 1226 praefidio
1301 1157 1507 1210 navibus
1532 1170 1610 1205 re-

324 1196 448 1297 listo
465 1281 480 1304 ‚
503 1240 644 1292 vicos
673 1245 953 1304 expugnant
970 1269 984 1291 ,
1007 1227 1304 1279 inflammant
1330 1224 1457 1276 reela
1480 1261 1494 1284 ,
1516 1221 1611 1272 ho-

329 1311 521 1364 minum
552 1302 900 1375 pecudumque
933 1294 1113 1366 praedas
1143 1307 1294 1360 agunt
1317 1322 1329 1353 3
1349 1294 1399 1342 δε
1431 1288 1608 1340 dulce-

330 1379 449 1429 dine
471 1370 714 1445 praedandi
747 1363 940 1434 longius
968 1364 1122 1431 usque
1154 1362 1180 1411 a
1209 1358 1414 1411 navibus
1438 1372 1612 1425 proce-

330 1446 475 1497 dunt.
513 1445 628 1491 Haec
654 1437 741 1488 ubi
763 1432 1019 1485 Patavium
1042 1431 1152 1479 sunt
1175 1426 1431 1485 nunciata,
1456 1424 1612 1490 (sem-

332 1529 421 1582 per
445 1523 611 1560 autem
634 1521 719 1555 eos
745 1502 792 1553 in
817 1498 960 1551 armis
984 1495 1161 1547 accolae
1180 1493 1312 1544 Galli
1329 1492 1613 1554 habebant)

333 1583 389 1631 in
423 1577 542 1627 duas
574 1586 733 1643 partes
762 1569 1073 1636 juventutem
1105 1559 1349 1613 dividunt.
1384 1558 1530 1609 altera
1564 1556 1617 1606 in

338 1644 593 1713 regionem
614 1680 630 1702 ‚
666 1635 766 1706 qua
794 1632 940 1686 effusa
971 1628 1224 1700 populatio
1260 1625 1618 1684 nunciabatur3

340 1712 492 1764 altera
509 1749 525 1771 ‚
550 1724 611 1759 ne
631 1705 716 1756 cui
737 1701 1018 1772 praedonum
1040 1695 1185 1749 obvia
1206 1695 1345 1746 fieret
1360 1732 1377 1755 ‚
1408 1701 1434 1735 4
1463 1691 1619 1743 altero

343 1780 523 1830 itinere
562 1773 623 1826 ad
659 1771 914 1823 stationem
954 1764 1152 1818 navium
1188 1768 1247 1821 (5
1273 1759 1423 1811 millia
1456 1773 1622 1810 autem

345 1843 635 1916 quindecim
664 1839 724 1890 ab
750 1857 782 1888 o
818 1835 936 1906 pido
961 1833 1167 1895 aberat)
1195 1827 1357 1880 dubia.
1387 1830 1446 1876 In
1473 1839 1624 1877 naves

346 1931 521 1983 parvas
547 1949 562 1972 ‚
599 1904 787 1959 custodi
826 1915 884 1956 us
921 1896 1226 1967 interemptis
1257 1936 1270 1957 ‚
1308 1895 1521 1963 impetus
1554 1890 1625 1942 fa-

347 1981 458 2034 &us
487 1998 499 2030 ε
529 1974 798 2042 territique·
823 1982 978 2022 nautae
1008 1978 1257 2034 coguntur
1293 1977 1440 2014 naves
1473 1960 1524 2011 in
1558 1957 1627 2009 al·

350 2062 506 2099 teram
529 2045 681 2112 ripam
703 2038 857 2090 amnis
879 2033 1181 2102 transjicere.
1215 2034 1275 2081 Et
1296 2030 1347 2080 in
1367 2043 1495 2079 terra
1518 2044 1627 2093 pro-

349 2116 381 2165 s
407 2130 546 2165 erum
584 2127 620 2161 ae
659 2107 721 2159 ue
759 2106 811 2157 in
849 2108 1038 2172 palatos
1079 2096 1369 2167 praedatores
1410 2092 1630 2163 praelium

378 2193 551 2232 uerat:
577 2193 628 2227 re
655 2171 1034 2242 ugientibusque
1066 2165 1127 2217 ad
1158 2164 1416 2215 stationem
1445 2158 1631 2211 Graecis

350 2245 536 2299 Veneti
560 2241 809 2294 obfistunt.
841 2242 918 2288 Ita
939 2238 990 2286 in
1010 2232 1176 2285 medio
1198 2228 1524 2282 circumventi
1548 2231 1634 2277 ho·

354 2314 448 2369 stes
463 2354 481 2378 ,
507 2309 706 2380 caefique
723 2347 739 2371 ‚
760 2322 869 2376 pars
891 2302 1019 2374 capti
1035 2340 1051 2365 ,
1076 2296 1268 2351 classem
1289 2295 1538 2357 indicant,
1560 2310 1636 2346 re-

412 2461 429 2497 3
483 2449 620 2499 ,Agros
668 2438 774 2480 haud
814 2434 971 2494 procul]
1076 2448 1104 2486 4
1132 2432 1277 2476 Altero
1299 2430 1461 2481 itinere]
1493 2426 1644 2469 Mallet

359 2505 492 2556 Agros
525 2497 632 2538 haud
663 2492 800 2549 procul
833 2493 971 2540 cerni,
1024 2491 1246 2532 Gronovius
1269 2482 1362 2526 alio.

362 2567 534 2610 quorum
552 2552 722 2605 proximi
742 2544 973 2598 campestres

363 2608 482 2649 effent
511 2609 551 2646 ὃς
579 2608 619 2644 in
649 2602 854 2657 planitiem
909 2613 977 2639 or·
1083 2608 1099 2644 5
1143 2592 1275 2635 Miltia
1395 2585 1640 2647 quindecim]

363 2664 455 2705 teeti
469 2691 484 2713 ,
504 2661 693 2701 ulteriora
711 2655 830 2698 colles
845 2668 864 2694 e
901 2668 937 2694 e.
1030 2654 1212 2704 Quinque
1238 2648 1378 2689 leucas.
