1680 3110
292 223 412 290 172
560 238 564 241 >
681 193 765 255 T.
852 187 904 250 L
945 205 966 247 1
1013 204 1058 248 v
1098 203 1123 246 1
1161 201 1188 245 1

75 315 270 360 u.c.415,
323 290 438 346 artis
471 284 531 334 T.
569 275 783 330 Manlius
822 270 924 322 dux
960 263 1122 318 fuisset
1148 303 1165 327 ‚
1204 262 1311 330 ejus
1345 258 1565 310 futuram

75 364 167 407 ποῦ·
185 373 273 408 337·
329 355 426 408 aud
456 345 607 402 dubie
637 341 776 395 fuiffe
805 333 1080 392 victoriam.
1115 329 1273 381 Latini
1296 344 1356 379 ex
1380 324 1496 391 fuga
1519 321 1567 372 se

290 423 567 477 Minturnas
599 407 938 462 contulerunt.
975 399 1124 451 castra
1155 393 1421 447 secundum
1453 404 1573 458 prae-

295 491 421 542 lium
444 497 585 551 capta
598 500 618 542 ⁵,
644 474 888 542 multique
910 466 1140 520 mortales
1161 462 1230 514 ibi
1252 461 1354 514 vivi
1376 454 1573 526 oppres-

296 557 368 618 fi,
394 547 605 605 maxime
635 539 891 610 Campani.
922 535 1068 586 Decii
1097 545 1278 598 corpus
1309 543 1369 577 ne
1399 542 1459 574 eo
1493 520 1573 571 die

298 619 604 681 inveniretur
625 652 638 674 ,
671 627 771 664 nox
801 617 1072 676 quaer-entes
1105 617 1136 649 o
1174 593 1378 666 preffit..
1416 588 1577 640 ostero

300 691 383 743 die
417 688 674 738 inventum
708 678 834 728 inter
859 670 1118 722 maximam
1177 610 1412 714 ostium&

301 768 601 825 coopertum
631 745 773 796 telis:
798 739 1042 805 funusque
1071 733 1115 783 ei
1138 749 1222 797 par
1247 741 1425 783 morti,
1449 720 1582 772 cele-

302 827 480 877 brante
512 812 704 881 colleg&
729 851 743 874 ,
768 808 952 859 faRum
980 801 1064 853 est.
1099 796 1229 849 Illud
1253 789 1584 861 adjiciendum

307 891 539 948 videtur,
564 883 714 934 licere
755 872 975 931 consuli,
1003 864 1331 930 dictatorique
1348 900 1363 922 ‚
1389 862 1437 910 ἃ
1463 871 1588 925 prae-

116 966 291 1005 Davom.
312 959 444 1019 tori,
469 969 625 1024 quum
654 946 872 1013 legiones
903 936 1116 990 hostium
1147 931 1424 984 devoveant
1447 963 1458 984 ‚
1490 936 1591 973 non

99 1016 292 1062 ‘'mleges‘
316 1025 492 1094 utique
522 1022 568 1071 se
589 1057 604 1080 ,
637 1014 718 1066 sed
755 1025 905 1080 quem
933 1003 1088 1057 velint
1118 1016 1178 1050 ex
1208 1007 1225 1040 ³
1261 995 1456 1063 legione
1490 991 1592 1039 Ro-
1655 1000 1657 1002 ’

317 1109 458 1147 mana
489 1086 664 1154 scripta
705 1080 866 1131 civem
899 1073 1161 1124 devovere.
1200 1067 1249 1115 Si
1277 1065 1320 1113 is
1354 1065 1479 1110 homo
1509 1054 1595 1121 qui

318 1166 510 1213 devotus
541 1156 600 1220 est
630 1188 646 1209 ,
684 1148 877 1199 moritur
907 1178 921 1200 ,
956 1136 1093 1208 prob&
1112 1134 1294 1201 saelum
1324 1125 1482 1178 videri
1506 1144 1520 1171 .·
1545 1121 1596 1169 ni

317 1229 517 1282 moritur
537 1259 553 1280 ,
583 1237 680 1270 tum
702 1215 885 1284 signum
917 1209 1088 1274 septem
1120 1202 1258 1269 pedes
1293 1194 1441 1245 altum
1465 1226 1480 1247 ,
1516 1202 1597 1237 aut

320 1301 468 1356 majus
503 1293 553 1340 in
587 1302 757 1336 terram
788 1277 936 1344 defhdi
952 1310 970 1333 ,
1000 1272 1058 1326 ἶν’
1090 1280 1115 1312 4
1143 1262 1381 1335 piaculum
1415 1257 1601 1320 hostiam

322 1363 456 1414 caedi.
494 1356 583 1408 Ubi
617 1351 739 1403 illud
757 1348 940 1415 fignum
975 1336 1178 1405 defbffum
1214 1333 1304 1382 erit
1324 1365 1340 1386 ‚
1366 1326 1413 1378 εό
1447 1322 1604 1389 magi-

314 1432 517 1496 stratum
546 1430 793 1472 Romanum
824 1409 1049 1477 escendere
1069 1405 1147 1469 sas
1177 1418 1260 1449 non
1291 1396 1384 1462 effe.
1415 1390 1499 1442 Sin
1524 1403 1609 1438 au-

331 1514 436 1549 tem
469 1492 564 1545 sese
605 1486 853 1537 devovere
885 1473 1023 1529 volet
1044 1508 1059 1531 ,
1092 1467 1215 1520 ficut
1249 1462 1436 1514 Decius
1461 1457 1610 1508 devo-

330 1564 408 1618 vit
426 1600 442 1622 ‚
468 1561 518 1609 πὶ
549 1556 771 1608 moritur,
799 1555 821 1590 5
850 1560 992 1610 neque
1009 1541 1144 1605 suum
1167 1571 1182 1593 ,
1212 1549 1355 1598 neque
1375 1525 1613 1598 publicum

332 1631 550 1682 divinum
568 1619 682 1691 pure
695 1617 846 1684 faciet
861 1649 876 1671 ,
903 1610 986 1677 qui
1001 1607 1096 1672 sese
1125 1599 1380 1652 devoverit.
1413 1591 1616 1644 Vulcano

335 1714 500 1753 arma,
513 1691 616 1759 five
651 1687 726 1742 cui
757 1682 847 1734 alii
881 1676 1240 1731 divodevovere
1273 1662 1398 1714 volet
1418 1696 1434 1718 ,
1469 1659 1491 1692 ⁶
1512 1657 1616 1725 five

337 1761 482 1828 hostici
500 1797 516 1819 ,
530 1758 634 1826 sive
668 1771 754 1821 quo
788 1747 881 1799 alio
914 1744 1063 1799 volet,
1078 1744 1156 1800 jus
1188 1736 1288 1800 esto.
1315 1727 1453 1783 Telo,
1479 1728 1618 1790 fitper

340 1832 463 1900 quod
477 1828 609 1892 stans
639 1816 789 1884 consul
812 1826 1027 1884 precatus
1050 1807 1108 1870 est
1128 1841 1143 1862 ,
1169 1803 1327 1866 hostem
1350 1795 1495 1864 potiri
1511 1791 1618 1855 ,fhs
1679 1780 1680 1791 ¹

342 1917 431 1952 ‘non
455 1896 512 1960 est
533 1916 547 1942 .·
558 1892 606 1958 fi
615 1889 823 1957 potiatur
845 1917 859 1939 ,
883 1878 1031 1929 Marti
1052 1883 1074 1915 7
1092 1862 1491 1937 suovetaurilibus
1505 1859 1621 1926 pia-

347 1964 506 2015 culum
530 1960 660 2026 fieri.
707 1955 823 2002 Haec
864 1942 991 2011 (etsi
1024 1937 1181 1990 omnis
1215 1930 1368 1986 divini
1401 1922 1628 1978 humani-

351 2047 454 2100 que
486 2024 637 2078 moris
667 2014 898 2070 memoria
926 2015 946 2046 8
980 2006 1197 2060 abolevit
1217 2042 1232 2062 ,
1257 2013 1384 2053 nova
1411 1990 1627 2062 peregri-

352 2112 518 2166 mque
562 2089 726 2144 omnia
770 2079 937 2153 priscis
977 2092 1031 2128 ac
1075 2070 1242 2141 patriis
1285 2057 1633 2136 praeferendo)

417 2244 435 2280 3
461 2227 613 2280 legione
627 2218 970 2272 Romarmscriptq]
1025 2210 1144 2248 blica.

359 2281 531 2329 Fortasse
576 2278 758 2331 adjicitur
800 2273 937 2323 scripta
960 2299 972 2317 ‚
1079 2270 1100 2299 6
1133 2261 1225 2299 Sive
1261 2250 1379 2306 hostia
1403 2278 1416 2299 ,
1443 2247 1528 2297 five
1564 2255 1637 2335 auo

358 2353 404 2382 ut
434 2333 688 2378 excludantur
723 2327 900 2366 subitarii
933 2326 971 2361 ὃς
1026 2316 1102 2356 alio
1131 2312 1261 2361 volet]
1295 2313 1364 2346 Seu
1388 2301 1484 2343 velit
1510 2300 1564 2337 ho
1600 2294 1638 2334 ia

361 2389 613 2438 tumultuarii
634 2382 792 2423 milites.
1030 2368 1125 2411 caesss
1157 2365 1407 2406 devotionem
1439 2357 1542 2394 hanc
1574 2362 1644 2389 at-

353 2479 356 2484 .
412 2462 442 2497 4
469 2439 661 2483 Piaculum
679 2434 835 2486 hostiam
848 2429 939 2469 caedi
957 2434 973 2478 ]
1032 2435 1190 2463 morum
1205 2417 1363 2473 peragi,
1380 2410 1454 2450 five
1472 2408 1554 2447 alio
1570 2403 1647 2444 an·

366 2500 473 2550 ,sadi
496 2495 651 2555 hostiam
673 2521 686 2542 ,
716 2501 800 2545 quae
827 2485 870 2525 fit
895 2485 980 2540 pia·
1038 2492 1117 2532 quo
1145 2478 1220 2514 ritu
1249 2473 1374 2510 sacro.

370 2554 509 2597 culum,
1086 2545 1109 2578 7
1150 2517 1511 2568 Suovetanrilibus]
1550 2507 1644 2552 Vid-

430 2620 447 2654 ς
480 2609 609 2660 Neque
624 2601 732 2654 suum
746 2627 758 2647 ,
775 2607 890 2651 neque
913 2601 985 2646 pu-
1037 2597 1121 2626 not.
1146 2596 1178 2631 3.
1198 2580 1247 2620 ad
1269 2582 1299 2617 1.
1320 2589 1386 2625 44.

370 2660 505 2703 blisum
529 2658 738 2704 divinum]
767 2654 902 2701 Neque
919 2647 984 2684 sua
1092 2641 1112 2676 8
1165 2631 1388 2678 Abolevit]
1442 2620 1619 2664 Exolcvit
1633 2642 1652 2667 ‚

371 2719 527 2772 privata
564 2713 672 2755 sacra
700 2737 714 2758 ‚
749 2716 872 2758 neque
917 2713 987 2753 pu-
1040 2693 1170 2748 periit.
