1669 3052
480 157 530 220 L
573 176 595 218 1
646 176 683 217 Β
727 170 766 214 E
813 172 854 213 a
931 144 1006 208 X.
1243 147 1372 220 341⁴

95 243 323 316 'neqmffe3
346 260 462 292 nunc
497 247 597 301 jam
642 233 880 304 populares
929 225 1152 278 orationes
1181 223 1334 286 serere
1360 247 1372 271 ;
1407 223 1596 282 υ.ς.4τ6.

96 318 248 381 Quam
271 310 455 362 mallem
473 343 487 364 ,
510 304 672 373 inquit
696 295 993 352 Volumnius
1013 330 1028 352 ‚
1052 307 1102 339 tu
1125 288 1152 337 ὰ
1178 305 1247 336 me
1259 289 1376 348 stre—
1403 283 1438 309 ³·
1454 272 1592 312 <⁸²9⁶-

97 381 183 431 ηιιὲ
207 382 396 443 facere,
420 376 556 441 qucim
586 389 663 435 ego
693 371 771 418 abs
802 382 845 414 te
869 358 989 427 scite
1025 357 1153 424 loqui
1183 355 1378 416 didisif»

96 450 186 510 [em
208 452 225 494 Ι
248 440 464 507 Postremb
497 438 794 489 conditionem
817 433 943 495 ferre
959 461 975 483 ,
1010 444 1108 491 quae
1142 423 1379 469 decretura

115 531 180 569 tt,
208 531 292 560 non
323 524 500 563 orator,
527 508 706 568 (neque
740 501 861 546 enim
895 496 944 542 id
977 490 1220 556 desiderare
1251 504 1380 534 rem-

94 576 371 647 publicam)
400 574 482 635 sed
517 574 761 635 imperator
794 578 894 610 uter
916 559 980 623 fit
1019 555 1196 605 melior.
1236 558 1381 601 Etru·-

101 649 221 694 riam
246 644 302 696 ὠ*
326 640 553 690 Samnium
580 630 848 701 provincias
872 626 947 690 effe
967 646 981 671 .·
1002 639 1154 670 utram
1186 617 1379 674 mallet,

102 711 311 777 eligeret.
337 708 419 771 suo
452 704 650 752 exercitu
674 700 726 762 se
758 692 837 743 vel
871 694 919 740 in
952 690 1142 737 Etruria
1163 721 1177 740 ,
1216 683 1297 732 vel
1331 686 1384 731 in

103 778 281 829 Samnio
307 791 401 822 rem
427 771 674 836 gesturum.
696 763 824 812 Tum
851 754 1064 806 militum
1092 750 1278 801 clamor
1302 757 1384 798 or-

104 857 185 894 tus
206 882 222 902 ,
250 855 304 891 ut
337 835 473 887 fimul
501 833 643 885 ambo
671 828 856 878 bellum
884 821 1143 872 Etruscum
1171 815 1386 882 suscipe-

105 923 230 960 rent.
271 910 394 970 Quo
427 897 757 952 animadverso
790 888 1021 941 consensu
1052 882 1350 935 Volumnius
1363 896 1388 941 ‚·

104 976 333 1042 ,Quoniam
362 973 411 1019 in
437 967 617 1033 collegae
640 961 878 1011 voluntate
901 951 1241 1018 interpretanda
1258 984 1274 1005 ,
1311 949 1386 997 in-

105 1041 249 1107 quit,
275 1038 432 1088 erravi
451 1053 470 1095 ,·
492 1052 577 1082 non
606 1030 887 1079 committam
919 1037 969 1071 ut
988 1056 1003 1077 ,
1033 1019 1146 1085 quid
1181 1034 1264 1063 vos
1297 1031 1382 1062 ve*

106 1108 213 1158 litis
228 1142 244 1164 ,
268 1106 497 1168 obscurum
510 1099 589 1165 fit.
613 1110 791 1144 manere
806 1124 822 1148 ,
845 1108 903 1138 an
935 1088 1060 1135 abire
1088 1100 1157 1130 me
1181 1079 1346 1128 velitis
1361 1109 1380 1135 ,

107 1174 300 1223 clamore
314 1166 585 1236 fignificate.
614 1166 742 1211 Turn
766 1155 887 1207 vero
910 1165 1077 1213 ¹tantus
1101 1147 1168 1197 est
1194 1143 1381 1194 clamor

107 1252 308 1290 exortus
330 1249 430 1296 „ut
453 1232 612 1281 hostes
641 1227 668 1278 ἐ
699 1222 862 1275 castris
893 1218 1077 1269 exciret
1101 1232 1112 1263 :
1139 1211 1282 1288 armis
1306 1227 1383 1259 ar-

108 1388 282 1423 canere
305 1408 319 1429 ,
352 1384 407 1417 ac
439 1362 617 1415 vexilla
646 1356 807 1410 efferri
838 1353 865 1405 ὲ
897 1349 1059 1401 castris
1085 1346 1229 1413 juffit.
1272 1348 1384 1410 Ap·-

105 1439 242 1509 pium
264 1427 558 1486 addubitasse
586 1426 754 1477 ferunt
778 1462 792 1483 ,
827 1431 1111 1470 cernentem
1129 1450 1145 1471 ‚
1178 1411 1259 1460 seu
1290 1424 1384 1477 pu·-

105 1518 286 1574 gnante
300 1541 315 1564 ‚
343 1502 423 1550 seu
444 1496 615 1566 quieto
641 1494 686 1542 se
707 1531 721 1552 ,
747 1489 854 1539 fore
877 1483 1077 1549 collegae
1096 1476 1352 1529 victoriam
1367 1491 1386 1525 ε

106 1569 282 1623 deinde
309 1566 552 1622 veritum,
584 1577 644 1611 ne
680 1559 769 1608 suae
800 1567 1004 1622 quoque
1035 1546 1253 1613 legiones
1285 1546 1386 1593 Vo-

107 1638 350 1689 lumnium
382 1634 426 1682 se
469 1643 700 1680 uerentur
728 1663 743 1685 ,
779 1624 828 1672 δε
861 1621 1019 1689 ipsum
1049 1608 1387 1680 flagitantibus

168 1704 177 1713 '
247 1703 256 1709 ”
432 1650 628 1747 liediffe.
659 1691 738 1742 Ab
763 1702 936 1739 neutra
959 1697 1093 1752 parte
1118 1678 1228 1729 satis
1248 1693 1386 1727 com·

109 1768 256 1823 mode
279 1764 494 1817 instructi
517 1761 733 1812 fuerunt.
761 1773 870 1805 nam
896 1756 944 1803 &
967 1746 1258 1799 Samnitium
1285 1742 1388 1794 dux
1461 1758 1586 1802 Pugna

112 1835 306 1888 Gellius
339 1829 572 1899 Egnatius
614 1821 902 1894 pabulatum
936 1834 1052 1868 cum
1096 1810 1390 1863 cohortibus
1416 1807 1610 1884 “infm-

111 1902 280 1972 paucis
299 1900 419 1949 ierat
434 1917 450 1957 ς
468 1897 655 1962 suoque
671 1890 861 1964 impetu
876 1883 1028 1951 magis
1045 1879 1225 1930 milites
1240 1875 1392 1945 quam
1418 1857 1608 1944 Rha&

113 1969 401 2034 cujusquam
431 1961 584 2013 ductu
621 1971 703 2009 aut
742 1951 948 2020 imperio
986 1963 1199 2016 pugnam
1231 1943 1394 2011 capes-

114 2036 314 2086 sebant:
340 2034 391 2082 &
421 2025 626 2079 Romani
654 2022 904 2073 exercitus
927 2032 1016 2068 nec
1045 2013 1225 2083 pariter
1248 2008 1397 2060 ambo

113 2101 248 2152 ducti
265 2139 280 2161 ‚
301 2114 391 2148 nec
425 2095 533 2145 satis
563 2088 798 2157 temporis
825 2085 884 2137 ad
911 2078 1245 2133 instruendum
1273 2075 1393 2127 fuit.

114 2165 256 2218 Prius
292 2162 545 2216 concurrit
573 2153 905 2210 Volumnius,
926 2151 1074 2217 quim]
1111 2144 1302 2214 Appius
1335 2141 1400 2193 ad

113 2233 303 2285 hostem
324 2227 619 2300 perveniret.
652 2224 818 2289 itaque
844 2218 1009 2267 fronte
1036 2209 1259 2280 inaequali
1282 2224 1401 2259 con·

112 2301 310 2352 cursum
342 2295 407 2346 est
440 2312 451 2344 :
493 2296 544 2344 δε
583 2290 720 2343 velut
760 2286 890 2336 forte
925 2281 1135 2351 quadam
1175 2289 1398 2327 mutante

116 2366 327 2419 alsuetos
367 2363 495 2411 inter
533 2359 580 2408 se
624 2353 785 2406 hostes
815 2390 830 2413 ,
863 2347 1051 2400 Etrusci
1086 2340 1397 2403 Volumnio,

120 2431 358 2484 Samnites
384 2440 644 2495 parumper
669 2417 882 2471 cunetati
901 2454 917 2477 ‚
943 2414 1057 2491 quia
1082 2412 1183 2461 dux
1205 2409 1400 2470 aberat,

119 2499 287 2567 Appio
312 2490 598 2545 occurrere.
621 2486 820 2537 Dicitur
841 2489 1034 2551 Appius
1054 2480 1103 2530 in
1123 2475 1285 2527 medio
1310 2491 1402 2542 pu·

118 2581 221 2634 gnae
252 2559 527 2614 discrimine
557 2592 572 2616 ‚
607 2553 672 2604 ita
705 2566 761 2602 ut
796 2553 922 2601 inter
955 2546 1107 2614 prima
1135 2543 1266 2609 signa
1294 2557 1402 2591 ma-

119 2631 264 2686 nibus
304 2626 363 2680 acl
400 2623 597 2678 coelum
641 2617 841 2672 sublatis
878 2613 1243 2729 conspicsstetur
1278 2645 1294 2670 ‚
1334 2606 1403 2661 ita

1146 2691 1196 2743 u]
