1680 3110
251 146 327 209 43
406 206 450 247 in
469 213 599 250 Funus
628 215 837 259 Menenii,
860 216 995 255 collati
1025 217 1049 256 εὶ
1074 223 1228 274 populo
1255 228 1475 279 sextantes,
1497 234 1552 280 114

310 273 373 310 33.
393 263 438 301 in
466 263 617 301 Valerii
640 265 719 304 cos.
748 266 1020 318 quadrantes,
1048 274 1120 314 111.
1146 278 1207 316 18.

253 319 384 355 Furcae
419 316 628 356 Caudinae.
660 318 754 359 Vid.
783 321 999 366 caudium.

255 370 359 408 Furii
391 371 431 407 ὅ(
461 367 556 407 Fufii
589 371 711 409 iidem
731 403 743 421 ,
763 375 832 414 111.
859 388 901 429 4.

256 423 391 462 Furfus
422 421 575 474 legatus
600 450 613 471 ‚
645 424 768 465 frater
790 431 853 482 Sp.
881 430 988 470 Furi?
1009 433 1087 476 cos.
1116 435 1165 475 ab
1193 439 1328 490 AEquis
1357 442 1552 496 caeditur,

313 477 380 515 ΙΙΙ.
414 491 447 522 5.
1232 510 1240 516 ·

257 529 357 581 Agr.
382 530 519 567 Furius
549 531 628 571 cos.
649 535 717 572 ΙΙΙ.
741 543 806 574 66.
825 536 985 591 collegae
1007 540 1206 583 summam
1229 542 1389 599 imperii
1412 562 1549 591 conce·

311 581 408 620 dens
426 612 436 627 ‚
461 584 512 621 ab
545 598 592 624 eo
618 585 784 627 viciffim
807 591 1055 642 honoratur,
1072 610 1143 644 70.
1203 630 1211 633 ,

261 637 361 688 Agr.
383 641 516 675 Furius
534 639 628 679 trib.
654 641 739 680 mil.
769 645 878 685 cous.
902 658 987 698 pot.
1004 653 1055 690 V.
1079 663 1142 698 32.
1162 651 1346 693 adversas
1371 656 1551 709 Salpina-

310 701 367 727 tes
396 690 548 730 bellum
571 694 671 744 gerit
689 720 702 740 ,
723 695 817 737 ibat.

265 745 312 783 c.
342 745 478 795 furius
516 747 666 785 Pacilus
699 749 778 788 cos.
812 754 882 791 IV.
910 763 971 793 12.
998 757 1138 796 censor
1157 785 1169 805 ,
1199 760 1385 812 probavit
1411 764 1552 804 villam

316 796 521 849 publicam
541 803 584 839 in
605 814 747 853 campo
774 806 950 856 Martio,
977 823 1041 849 22.
1066 814 1191 851 Mam.
1220 814 1426 856 AEmilium
1445 846 1455 865 ,
1481 820 1552 871 qui

321 854 529 892 cenlurarn
554 854 605 892 ad
624 857 739 894 unius
764 859 861 896 anni
888 861 927 897 ὃς
951 862 1016 901 sex
1039 864 1233 904 mensium
1255 868 1424 920 spatium
1445 873 1554 911 rede·

316 910 431 956 'gerat
449 933 462 952 ,
490 911 675 947 aerarium
707 908 831 963 facit,
863 927 928 960 24.
952 917 1052 958 Vid.
1081 924 1135 963 ξφ
1158 924 1227 960 ΙΧ.
1253 935 1317 972 33.
1341 925 1437 966 trib.
1464 925 1555 975 mil,

319 960 430 999 conf.
455 971 538 1011 pst.
567 965 632 1000 IV.
661 976 722 1010 31·

267 1016 316 1050 C.
342 1016 476 1051 Furius
502 1015 652 1054 Pacilus
676 1018 755 1059 cos.
781 1032 937 1059 creatur
955 1048 968 1068 ‚
998 1035 1062 1071 5⁷--

270 1069 316 1106 L.
342 1069 479 1105 furius
507 1070 586 1107 cos.
620 1068 752 1111 refistit
779 1076 941 1125 agrariae
964 1075 1074 1128 legi,
1100 1081 1155 1120 11.
1186 1094 1250 1130 54.
1272 1083 1359 1136 post
1377 1086 1560 1127 consula-

323 1128 412 1159 tum
437 1119 482 1159 fit
511 1135 596 1161 reus
623 1124 670 1162 ad
698 1127 894 1178 populum
911 1156 921 1173 ‚
939 1128 1034 1172 ibid.
1065 1133 1157 1173 trib.
1188 1137 1258 1188 qui
1281 1151 1373 1178 eurn
1400 1142 1560 1186 accusa·

327 1173 397 1211 bat
416 1202 428 1222 ,
457 1188 639 1216 mortuus
665 1177 774 1217 domi
801 1182 985 1221 inventus
1005 1210 1018 1230 ,
1043 1185 1136 1226 ibid.
1603 1215 1606 1217 >

276 1228 321 1267 3..
340 1229 475 1267 Furius
497 1231 589 1271 trib.
609 1231 694 1272 mil.
718 1235 827 1275 cons.
856 1247 938 1287 pot.
967 1249 1060 1278 cum
1082 1240 1254 1282 Camillo
1269 1269 1280 1289 ,
1301 1247 1368 1286 VI.
1389 1261 1452 1286 22.
1477 1249 1560 1299 ejus

329 1284 541 1322 temeraria
563 1284 745 1326 adversus
775 1287 967 1340 collegam
992 1295 1192 1344 protervia
1211 1322 1222 1341 ,
1246 1308 1309 1343 23.
1333 1310 1463 1352 pugna
1480 1302 1559 1340 ini-

324 1337 385 1373 tio
402 1335 650 1391 improspera
668 1369 680 1388 ,
701 1343 741 1380 &
760 1342 1004 1395 corrigendae
1020 1346 1144 1401 culpae
1159 1347 1331 1391 studium
1346 1381 1361 1403 ,
1384 1368 1451 1403 24.
1470 1367 1560 1395 ma·
1629 1364 1634 1367 ⁴

330 1388 484 1429 deratio
510 1393 554 1430 in
584 1405 675 1431 eum
705 1396 893 1443 Camilli,
917 1409 983 1447 25.

280 1445 324 1482 L.
350 1444 486 1483 Furius
507 1447 599 1491 trib,
619 1446 723 1498 pleb.
751 1453 819 1489 IX.
848 1463 913 1496 42.

279 1498 329 1535 L.
352 1498 486 1536 Furius
513 1499 706 1539 Camillus
737 1501 907 1542 dictator
935 1504 1064 1544 reddit
1085 1509 1263 1550 Patribus
1288 1509 1565 1564 poffeffionem

337 1549 548 1604 pristinam
577 1555 800 1594 consulatfis
832 1584 843 1603 ,
875 1560 963 1597 VII.
999 1571 1064 1606 24.
1099 1563 1150 1600 ob
1182 1563 1224 1602 id
1260 1567 1451 1605 meritum
1480 1569 1560 1611 cos.

336 1616 518 1655 creatur,
543 1607 637 1646 ibid.
661 1609 814 1662 collegii
836 1623 999 1651 mortuo
1015 1640 1027 1659 ‚
1057 1613 1159 1654 solus
1185 1620 1330 1671 Remp.
1353 1623 1392 1659 &
1415 1621 1566 1661 bellum

338 1657 443 1698 Gall.
463 1660 712 1702 administrat
728 1695 740 1712 ,
762 1676 829 1712 25.
848 1666 973 1704 vincit
994 1666 1127 1706 Gallos
1145 1696 1158 1715 ,
1176 1679 1240 1709 26.
1261 1672 1441 1712 adversus
1462 1680 1567 1714 Grae-

339 1723 407 1750 cos
433 1712 483 1751 ad
513 1726 627 1753 oram
653 1719 897 1757 maritimam
924 1719 1121 1770 profestus
1139 1751 1152 1770 ,
1179 1724 1331 1763 nullam
1360 1740 1565 1769 memora-

340 1765 464 1804 bilem
487 1779 570 1806 rem
597 1773 720 1820 gerit,
740 1771 836 1811 ibicl.
863 1772 1030 1813 (instator
1051 1776 1094 1813 in
1117 1776 1251 1830 pugna
1279 1779 1462 1821 adversus
1480 1785 1569 1822 Au-

343 1832 489 1859 runcos
505 1848 516 1868 ‚
535 1835 652 1862 vovet
677 1824 802 1863 aedern
832 1829 984 1865 Iunoni
1008 1831 1183 1870 Monetae
1199 1858 1210 1876 ,
1239 1835 1306 1873 28.

290 1876 336 1913 Ξ..
364 1876 499 1913 Furius
529 1878 722 1916 Camillus
745 1880 824 1918 cos.
849 1883 954 1921 vm.
980 1893 1040 1928 13.
1065 1886 1171 1936 capit
1193 1885 1338 1924 Pedum
1359 1898 1451 1940 opp.
1470 1888 1569 1931 ibid.

344 1929 567 1979 triumphat
583 1956 596 1976 ,
615 1931 707 1969 ibid.
728 1932 852 1971 statua
874 1935 1059 1986 equestris
1074 1938 1109 1975 ei
1130 1940 1170 1976 in
1195 1937 1286 1979 foro
1303 1939 1425 1992 posita
1440 1971 1452 1990 ,
1471 1941 1571 1984 ibid.

343 1984 430 2032 ejus
457 1984 590 2023 oratio
617 1985 667 2024 ad
696 1985 874 2026 senatum
902 1988 951 2028 de
977 1992 1122 2030 Latinis
1148 2005 1245 2046 pop.
1271 1993 1365 2034 ibid.
1387 1995 1464 2037 cos.
1492 1997 1565 2036 ite-

345 2047 435 2072 rum
454 2060 465 2079 ,
492 2048 556 2081 29·

293 2088 338 2127 L.
364 2091 499 2127 Furius
526 2089 789 2133 Medullinus.
818 2097 868 2134 In
892 2095 959 2135 hoc
985 2099 1129 2137 nomine
1157 2100 1257 2139 tanti
1279 2114 1416 2142 errores
1441 2102 1571 2158 impli-

347 2152 437 2179 cant
463 2157 487 2180 a
515 2144 565 2181 ud
592 2145 745 2184 Livium
763 2176 775 2196 ,
804 2157 844 2185 ut
868 2148 971 2187 haud
987 2150 1104 2205 facil&
1131 2153 1183 2190 ad
1204 2152 1394 2208 liquidum
1419 2157 1573 2211 perduci

342 2205 408 2237 *res
431 2205 474 2250 po
518 2207 545 2237 t.
575 2201 649 2236 Nec
673 2203 774 2238 tanti
796 2201 856 2253 est.
891 2205 1029 2259 Itaque
1050 2215 1272 2259 apponemus
1295 2218 1419 2247 notam
1445 2223 1569 2249 eorum

349 2247 510 2287 locorum
540 2251 578 2288 in
606 2252 739 2304 quibus
768 2258 808 2292 L.
836 2257 967 2295 Furius
994 2257 1232 2299 Medullinus
1260 2259 1424 2316 aliquem
1451 2265 1574 2316 magi-

337 2301 506 2362 stratum
529 2302 660 2357 geffiffe
683 2307 822 2345 dicitur
848 2340 859 2358 ‚
891 2307 978 2349 licet
1001 2325 1074 2350 non
1101 2315 1224 2351 omnia
1245 2314 1285 2352 in
1309 2329 1420 2353 unum
1444 2315 1571 2357 homi·

350 2369 433 2393 nem
461 2361 710 2405 conveniant,
734 2366 785 2404 (φ
804 2360 880 2412 stm
904 2365 944 2402 in
968 2363 1060 2402 duos
1088 2364 1208 2417 tresve
1230 2367 1498 2420 dispertienda.

298 2413 342 2450 ἱ.
361 2410 496 2447 Furius
515 2411 762 2451 Medullinus
780 2441 791 2460 ‚
816 2417 908 2456 trib.
928 2418 1012 2457 mil.
1031 2419 1138 2458 cons.
1161 2423 1332 2471 por.1V.
1352 2432 1416 2466 25.
1437 2429 1489 2466 (φ
1507 2435 1577 2471 35.

350 2463 497 2501 iterum
517 2490 525 2507 ‚
546 2477 611 2513 44.
643 2479 795 2506 creatur
818 2470 896 2510 cos.
919 2483 979 2518 5¹·
998 2472 1075 2511 cos.
1094 2475 1237 2512 iterum
1255 2504 1266 2524 ‚
1297 2489 1358 2519 <4.
1376 2477 1467 2515 trib.
1485 2477 1573 2518 mil.

349 2516 457 2557 cons.
481 2529 563 2569 pot.
590 2532 681 2558 cum
710 2524 790 2571 jam
817 2521 977 2566 funCtus
1000 2536 1048 2563 eo
1072 2526 1227 2566 honore
1253 2523 1345 2564 effet
1367 2558 1376 2575 ,
1406 2541 1466 2577 57.
1497 2531 1573 2569 ite-

349 2581 440 2607 rum
463 2596 472 2615 ,
495 2581 560 2612 61.
581 2574 741 2612 tertium
762 2602 771 2615 ,
794 2580 840 2616 V.
862 2592 923 2627 14.
946 2580 1159 2630 quartum,
1182 2587 1244 2623 16.
1273 2581 1486 2636 quintum,
1508 2598 1581 2635 24·

349 2622 528 2675 sextum,
551 2635 614 2669 26.
635 2628 870 2683 septimum,
893 2644 956 2680 32.
1618 2644 1621 2649 “
